2200 3692
169 239 245 318 aaa
403 220 457 293 11.
482 220 538 296 Da
551 222 642 293 tibris
656 224 755 296 muts.

166 427 328 486 anorum
338 402 562 508 adspiratione,
578 426 700 498 natura,
718 407 891 501 fertilitate,
905 411 991 486 aliin-

94 535 97 544 ·
165 535 232 613 qne
245 511 770 624 rebuaextrariisoriginemtrahat
786 520 989 588 cumomnit

164 615 311 712 cognitio
331 629 425 710 atque
445 605 593 698 seientia,
618 630 687 682 tum
705 617 815 694 animi„
831 640 987 687 morum·

166 708 479 815 que'consormatio.
527 716 570 810 Itt¹
580 716 759 783 narratione
772 738 896 795 rtrum,
922 740 985 814 pet

165 832 302 888 aetatem
318 837 481 912 quamque
496 811 667 910 gelianum,
678 812 784 885 breuis
792 811 836 884 esl
850 817 982 905 nudor,

139 911 254 1016 ,quod
272 918 410 986 minime
429 920 668 1011 vituperamus3
701 912 870 986 delibanda
889 921 982 989 enim

149 1041 203 1089 -ex
217 1020 311 1086 omni
337 1014 470 1087 hillnria
490 1012 623 1086 nonnisi
643 1040 681 1086 ea
698 1035 805 1104 erant,
831 1043 916 1115 quae
936 1014 980 1089 ad

160 1118 247 1193 hanc
269 1112 408 1189 mussant
424 1119 566 1187 maxime
589 1113 778 1189 videbantur
803 1123 979 1215 pertinere,

7 1277 11 1286 .
160 1236 226 1291 ete
247 1201 362 1319 quibui
375 1217 510 1314 intelligi
528 1235 672 1313 poterat,
698 1239 781 1316 qnae
796 1215 834 1288 fit
846 1223 882 1289 in
899 1233 979 1317 que·

160 1325 211 1393 uis
229 1341 265 1390 te
281 1324 376 1391 omni
392 1337 542 1416 tempore
557 1316 638 1388 sassa
658 1316 852 1415 progressio.
910 1316 977 1392 Sed

21 1507 30 1518 ἱ
153 1413 259 1495 ἱαὶίῖα
280 1417 337 1490 illa
359 1441 468 1492 rernm
489 1416 650 1516 gelianum
669 1416 827 1516 expolitio
842 1445 975 1492 accom-

155 1518 323 1596 modatior
337 1522 414 1591 huie
431 1517 627 1620 qmellioni,
653 1515 681 1588 fi
703 1523 742 1590 de
764 1522 976 1593 nonenim

158 1628 294 1693 amanen
307 1625 450 1717 gentiam
464 1645 628 1715 raramque
650 1643 822 1690 commento
840 1646 970 1692 accura-

157 1727 219 1795 tius
234 1717 441 1820 praecepisset
459 1723 581 1792 anslor.
638 1721 725 1790 Na'm
740 1746 780 1791 ex
795 1720 849 1791 illa
866 1718 969 1794 socie·

155 1840 220 1897 tate
233 1822 437 1919 populorum
459 1842 490 1893 et
506 1817 736 1892 consuetudine
757 1821 808 1892 vel
824 1829 969 1896 maxime

154 1921 263 2023 potest
274 1922 419 2020 intelligi,
433 1922 509 2020 qnid
520 1940 646 2018 agente
661 1927 771 2019 quanin
785 1922 837 1993 vel
852 1946 969 2021 potue-

153 2031 196 2096 rit
208 2019 368 2120 proficisci
390 2021 431 2093 ad
448 2028 576 2123 generis
592 2023 725 2093 humani
749 2022 892 2113 cultum,
916 2024 969 2097 vel

154 2120 341 2219 profestum
369 2120 416 2196 fit.
480 2128 526 2195 lta
557 2126 645 2194 enirn
672 2122 853 2221 plurimum
883 2125 968 2199 solet

152 2219 293 2310 scientia,
312 2243 345 2295 et
361 2223 529 2297 honessate
546 2248 681 2294 morum
694 2245 791 2323 atque
808 2225 967 2323 elegantia

150 2350 254 2424 genus
268 2327 454 2397 humanum
471 2328 596 2422 augeri,
621 2330 664 2395 vti
686 2317 758 2396 snnt
772 2347 884 2423 genten
900 2326 966 2399 fio-

149 2425 245 2526 gulae
260 2422 431 2499 arsliffime
451 2424 640 2522 copulatae,
672 2443 704 2495 et
721 2423 805 2523 ipsae
825 2432 911 2500 inter
928 2421 964 2499 se

63 2525 67 2529 ’
148 2525 231 2597 aliae
244 2525 310 2598 eliis
324 2522 459 2623 prosunt
476 2523 665 2597 officiorum
680 2531 913 2614 mutatione,et
926 2533 964 2601 in

149 2623 299 2700 medinm
316 2621 486 2699 afferendo
504 2651 701 2698 communen
715 2626 867 2700 vtilitates.
923 2632 963 2701 ln

150 2726 345 2823 exponenda
359 2732 458 2826 igitur
471 2733 596 2826 generis
609 2729 747 2798 humani
760 2726 894 2800 historia
908 2728 961 2803 vel

148 2830 292 2903 maxime
304 2826 431 2900 videtur
442 2822 612 2927 speslanda
625 2822 717 2900 seille
734 2829 790 2920 isto
804 2833 962 2903 baurim

134 2928 280 3026 societas,
304 2953 387 3026 qnae
400 2935 444 3000 vti
458 2926 517 3000 linit
534 2935 626 3001 variis
640 2932 843 3027 temporibus
862 2938 959 3018 varia,

306 3149 375 3200 nm
387 3145 420 3200 et
723 3154 803 3205 cum
858 3138 866 3153 '
