2200 3692
130 289 294 365 Buciiaue
303 312 421 365 'nouum
433 294 589 368 mediam.
603 266 799 389 infibtidut.
822 260 896 390 443

78 477 254 552 obliuione
265 478 465 553 vindicatum
482 483 522 553 ab
541 483 609 555 hoc
625 458 806 554 iuueniore.
851 483 899 552 0.

88 576 201 652 ssendit
213 603 297 654 certe
314 580 591 654 obseruationibus
608 576 660 663 rai
677 587 745 655 eius
759 578 899 654 radicem

89 682 204 754 habere
234 688 299 753 vim
323 681 532 783 febrifugam,
566 687 791 781 experimentis
818 707 898 754 vero

90 786 154 855 vim
174 779 401 882 antisepticam‚
417 783 518 857 adsert
536 784 718 856 testimonia
729 783 778 855 cl.
797 808 900 854 aasz

92 907 718 977 rous‚.caru1sourr‚rnuorr,
739 908 897 955 serroru-

89 1007 311 1072 nntount‚
338 1011 499 1074 roura,
524 980 714 1057 lamentatur
731 987 772 1056 de
793 1012 898 1057 reme·

89 1082 133 1156 dii
150 1082 287 1184 specifici
303 1084 484 1173 inefficacia,
500 1084 625 1158 causam
644 1092 680 1161 in
694 1084 777 1158 mala
796 1087 899 1157 rolle'.

88 1188 208 1275 dione,
227 1184 397 1258 {irratione
413 1215 449 1259 ac
467 1193 710 1285 praeparatione
725 1186 820 1257 latere
839 1213 898 1285 pu·

88 1305 145 1375 tat,
176 1306 208 1360 et
227 1294 323 1359 nouis
349 1286 623 1360 obseruationibus
649 1309 734 1359 extra
762 1290 901 1358 omnem

87 1385 292 1459 dubitationis
309 1388 410 1460 aleam
427 1396 532 1488 ponit,
559 1390 638 1459 nihii
658 1414 694 1461 ea
716 1388 822 1459 radice
837 1414 899 1492 po·

86 1496 200 1561 tentius
225 1486 286 1561 effe
316 1490 356 1561 ad
377 1488 531 1589 fugandas
558 1488 658 1560 {ebres
684 1489 897 1587 quotidianas,

86 1596 244 1669 tertianas,
263 1586 439 1689 quartanas,
460 1616 518 1662 nec
543 1616 612 1660 non
635 1590 675 1661 ad
692 1591 827 1661 morbos
843 1616 900 1688 pe·

86 1689 227 1763 riodicor
246 1689 464 1789 iugulandos,.
485 1691 525 1763 ad
550 1697 778 1790 extinguendas
798 1689 900 1762 febres

86 1795 259 1891 malignas,
283 1798 322 1863 ad
340 1819 516 1865 neruorum
534 1793 773 1879 distentionem,
796 1791 900 1884 hyste-

86 1901 179 1981 riam‚
208 1890 376 1991 paralystn,
394 1891 496 1966 tuffim
516 1890 749 1975 conuulfiuam,
778 1892 900 1964 obstru-

87 1996 233 2067 dionem
250 1995 322 2081 alui,
350 1995 468 2066 maiam
482 1992 707 2092 digestionem,
735 1995 901 2066 diarrhoe-

87 2121 159 2183 am,
194 2090 402 2189 dysenteriam
431 2092 662 2192 persanandam
737 2092 801 2169 Sed
823 2097 900 2182 ohe,

87 2202 152 2267 iam
177 2190 249 2267 satis
270 2195 322 2267 eti.
387 2195 553 2267 Medicina
579 2196 633 2267 issa
660 2223 728 2268 non
757 2194 903 2295 specifica

57 2300 70 2311 ’
87 2316 224 2383 tanturn,
236 2293 288 2368 sed
299 2293 480 2372 uniuersalis
496 2297 549 2368 eii.
598 2299 677 2395 Quis
693 2297 748 2383 eti,
761 2303 814 2391 qui
834 2294 906 2392 post

87 2414 282 2494 tortamque
308 2399 481 2496 praeclaras
506 2394 743 2469 obseruationes
760 2396 906 2469 dubitare

88 2500 227 2595 amplius
244 2497 378 2570 audeat?
405 2499 561 2595 Veriiotte
578 2518 687 2573 tamen
708 2522 815 2571 carere
827 2516 906 2596 pot·

88 2619 180 2671 erant
196 2607 278 2674 ciues
297 2621 328 2672 et
346 2600 463 2671 medici
483 2602 594 2672 noiiti.

356 2763 630 2781 Μ

138 2900 357 2993 repertorium
363 2901 431 2995 fiir
450 2897 581 2994 bibliscira
601 2899 669 2971 und
681 2898 832 2995 morgtnl.
846 2896 906 2968 Li·

193 3016 313 3070 teratur
328 3020 378 3071 etr.
404 3006 460 3070 ie.
486 3001 711 3094 Repertorium
732 2998 910 3088 literaturae

93 3156 97 3161 <
191 3101 328 3175 Biblicae
348 3124 378 3171 et
396 3101 568 3172 Orientalis
585 3100 673 3169 Pars
682 3100 752 3171 ΧΙ.
783 3094 909 3193 Lipfiae

198 3226 250 3301 ap.
264 3203 351 3276 haer.
360 3197 508 3277 Weidm.
518 3219 558 3288 get
572 3201 690 3274 leucu
698 3216 842 3377 pag-altp-
859 3215 885 3272 8.

572 3352 584 3358 --
828 3318 910 3401 eque
