2200 3692
140 339 143 348 Χ
184 253 187 260 ’
225 243 391 328 Rcinhurd
406 242 443 315 'tit
461 239 865 342 eosquoum‘iratilaestuc.
893 259 968 341 507

148 433 264 534 quibus
290 428 377 529 quasi
402 429 600 530 compositus
617 425 660 504 fit
675 429 827 509 sensibus
838 433 915 521 aliis,
932 429 969 506 et¹

149 560 237 634 quos
252 557 393 603 annexos
415 531 491 619 fibi,
520 552 551 605 et
571 546 669 630 quarn
694 540 761 605 vitn
790 536 963 632 inicorpus

145 635 276 720 habeat,
294 655 399 704 vtrurn
413 631 635 708 affettionibus
647 640 763 722 animi,
781 656 812 706 et
827 642 876 708 cui
895 635 963 706 illa-

148 745 225 808 rum
238 739 360 833 generi,
387 753 491 808 utrum
507 742 602 832 gratis
622 762 663 808 an
679 741 808 834 ingratis
821 732 962 809 senfibus

149 833 408 910 adnumerandus
430 834 492 924 fit3·
513 843 598 937 quas'
618 836 841 935 impressiones
872 837 969 912 saciat

148 963 260 1009 rerum
277 932 472 1023 sublimium,
489 933 731 1025 immensarum,
755 934 962 1036 fitnpliciu1n‚
1009 951 1022 969 “
1054 1003 1057 1010 .

149 1033 466 1133 multisorrniutnque
494 1037 728 1135 contemplatio
759 1045 791 1109 in
814 1061 960 1117 mentem

47 1169 56 1185 ⁸
149 1144 340 1225 humanam,
362 1132 419 1234 per
429 1164 509 1236 quos
519 1138 633 1236 gradus
649 1160 679 1209 et
690 1134 805 1218 crescat
813 1160 844 1211 et
853 1140 960 1213 decre·

149 1236 215 1313 scat
222 1239 401 1325 admiratio,
409 1241 602 1338 tandemque
613 1239 732 1312 definat
745 1275 785 1289 ·-
800 1263 961 1342 eteogna-

148 1362 201 1414 tae
222 1343 271 1410 his
293 1341 399 1437 piures
422 1341 622 1437 quaestiones
643 1334 767 1412 subtiles
790 1361 889 1438 aeque
922 1368 959 1416 ac
1057 1397 1059 1402 ,

149 1467 264 1543 graues
280 1466 395 1538 magna
413 1439 556 1513 facilitate
570 1463 601 1513 et
615 1439 833 1540 perspicuitate
849 1444 886 1513 ab
902 1457 968 1514 au.¹
1034 1503 1040 1518 a

82 1611 86 1620 ,
150 1548 245 1617 dore
263 1537 483 1613 dissoluuntur.
546 1544 718 1618 Hastenus'
736 1542 777 1613 de
794 1538 959 1620 effeetibus
1003 1609 1007 1619 .

143 1650 325 1742 prusinum
348 1644 483 1737 fictione
500 1649 613 1739 'quintu
638 1666 744 1717 autent
768 1653 968 1715 remotiorem·

151 1751 232 1831 vim,
255 1770 314 1842 qua
336 1744 380 1814 est
394 1743 779 1843 adrnirati0,·expiorauit.
837 1749 878 1818 Et
895 1749 960 1843 pri·

149 1872 244 1922 mum
256 1846 386 1944 quidem
405 1872 443 1915 ex
461 1871 576 1915 aratore
591 1847 648 1923 illo
664 1843 882 1943 naturalique
897 1848 962 1916 ho·

149 1952 255 2019 mines
271 1947 428 2016 ducuntur
445 1951 478 2014 in
493 1952 622 2033 omnia,
651 1973 732 2045 quae
754 1949 967 2019 mirationem

112 2096 117 2104 ,
150 2044 526 2132 iniit-iunt,diuerssssirno
543 2045 647 2119 rnodo
658 2052 772 2120 variata
788 2041 850 2122 eise
867 2050 968 2119 omni*

92 2194 102 2204 ›
148 2146 406 2243 tempuressudia
420 2153 608 2235 hominum,
619 2154 789 2246 opiniones
805 2167 836 2219 et
852 2153 964 2246 cugni-

150 2249 417 2345 tiones‚planu1·n
436 2247 516 2318 iecit
572 2253 649 2326 Late
664 2255 763 2348 patuit
788 2248 839 2322 iila
856 2254 901 2319 vis
926 2253 963 2320 in

117 2353 124 2361 ’
139 2352 304 2449 sermono,
345 2375 442 2447 quern
471 2370 606 2447 propter
637 2356 782 2448 inopiam
805 2347 983 2440 idearmu
1060 2347 1066 2354 ’

151 2452 237 2548 apud
253 2477 370 2521 ornnes
394 2468 503 2546 gentes
525 2458 694 2551 antiquitus
717 2447 807 2522 valde
824 2457 964 2547 inopem
1000 2457 1004 2461 ’

152 2552 273 2628 uerbis,
312 2571 343 2621 et
369 2554 413 2620 ob
439 2552 616 2625 uerborum
634 2557 779 2648 inopiam
803 2576 842 2622 ex
866 2556 963 2623 meris

151 2678 259 2752 prope
275 2658 375 2749 tropis
400 2652 575 2751 figurisque
593 2651 804 2727 audacifl'tnsis
822 2678 964 2750 compo-

150 2751 258 2839 suurn,¹
276 2780 311 2823 ac
330 2749 416 2851 quasi
432 2757 572 2827 natiuam
593 2753 706 2852 poesin
723 2748 822 2839 fuiffe,
838 2759 967 2825 inueni·

76 2935 78 2940 ,
153 2880 236 2928 mus.
278 2852 437 2925 Eamderu
455 2850 773 2942 obcausamhisturia
790 2860 888 2925 etiam
904 2879 967 2953 po-

151 2956 308 3058 puloruuj
329 2960 480 3025 omniurn
501 2963 644 3057 origines
663 2953 895 3028 obscuriffimaa
911 2958 969 3026 ha-

64 3125 67 3132 .
154 3059 218 3142 bet,
233 3074 264 3127 et
281 3054 486 3154 mythologia
503 3058 558 3148 est,
567 3085 647 3157 quae
656 3062 763 3128 uiuam
779 3052 873 3128 refert
891 3061 972 3126 ima.

152 3162 267 3259 ginern
283 3154 424 3244 institiae
441 3160 518 3250 eius,
532 3185 596 3261 qua
611 3157 763 3234 vetutior
774 3176 861 3231 aetas
875 3159 973 3272 igno-

428 3275 429 3280 '
931 3271 976 3337 Ἀθ
