2200 3692
65 290 66 295 ‘
202 258 438 396 Hnntgntnl.
453 282 775 395 umorue-fronton
832 319 879 396 ις

103 494 289 570 mutumne
305 512 374 585 quo
394 490 429 559 in
444 508 564 584 genere
579 479 680 558 musci
694 484 883 562 distribuun-

102 591 149 652 tur.
191 587 235 657 Ab
252 594 344 661 initio
363 586 434 686 plus
449 592 558 659 minus
572 587 739 684 globatum
755 590 885 662 ounlem

104 675 210 756 masculi
223 685 317 762 flores
329 687 479 762 referunt.
528 692 815 788 Imptnegnntiouis
830 717 885 762 au·

98 799 154 854 tem
169 806 309 889 tempore
328 796 433 889 apices
450 787 612 863 soliorum
627 810 659 863 et
678 787 884 889 squamarum

99 889 263 981 perichoetii
278 887 442 965 discedunt
456 909 489 963 et
503 890 619 989 pollini
631 886 794 990 egressuro
810 919 885 992 ape·

98 988 164 1058 nitur
176 994 230 1079 vin,
244 999 335 1066 vario
350 991 466 1066 modo.
516 990 576 1065 Vel
592 997 681 1066 enim
697 1012 784 1092 patet
800 1000 885 1091 peri·

98 1087 233 1166 chaetium
247 1100 310 1183 ita,
335 1100 551 1192 vt'aperturue
564 1092 656 1166 limbi
670 1094 827 1167 diameten
847 1095 886 1168 il.

95 1185 254 1287 lunjfluris
279 1214 392 1297 aequet
414 1214 468 1267 aut
481 1190 623 1294 superet,
653 1201 806 1268 tuncetit
820 1193 885 1270 sion

96 1285 266 1368 disciformis
284 1292 339 1385 seu
356 1295 491 1369 stellatus
502 1292 740 1385 nominandum
766 1297 814 1368 vei
829 1301 884 1386 ite,

26 1422 30 1435 ·
95 1409 124 1461 nt
142 1416 298 1494 aperturae
322 1396 477 1470 diameter
503 1401 617 1473 minor
641 1394 680 1469 fit
704 1396 761 1468 illo
783 1395 885 1488 floris,

95 1515 152 1590 quo
169 1496 236 1572 casu
252 1505 320 1573 eius
334 1494 530 1571 conditionis
544 1494 606 1569 flos
624 1497 672 1570 vel
693 1496 734 1570 de
751 1493 886 1572 summi-

15 1606 19 1619 ·
91 1600 249 1673 tttecnuiis
264 1605 431 1701 prouenit,
448 1618 480 1672 ct
500 1604 561 1671 erit
577 1598 817 1696 capitulisormic
835 1599 891 1674 vel·

15 1758 17 1777 ‚
90 1695 125 1768 ab
140 1698 192 1773 aiis
204 1699 363 1776 soliorum
379 1707 498 1795 oritur,
517 1719 554 1773 et
573 1698 813 1797 gemmisormis
827 1728 895 1774 co·v

91 1803 322 1895 gnominandus
343 1822 420 1875 caet.
469 1806 506 1873 In
522 1797 712 1899 quibusdam
733 1802 801 1874 duo
823 1807 886 1875 ho-

88 1922 155 1973 tum
171 1902 265 1978 modi
282 1904 468 1976 obtinentur
483 1919 517 1974 vt
533 1909 568 1974 in
575 1904 676 1973 Mnio
692 1899 862 1998 pellucido.

88 2030 91 2039 ⁴
129 2007 176 2077 Ex
195 2009 245 2079 his
268 2002 342 2079 sutis
357 2001 514 2105 superque
537 1997 729 2101 perspicient
749 2005 887 2076 butanu-

86 2103 170 2200 phyii
184 2109 278 2180 huius
293 2112 437 2205 incoepti
454 2110 561 2201 operis
580 2102 778 2201 dignitatem,
795 2111 886 2178 cuim

84 2203 206 2281 alterum
219 2201 414 2309 promissam
446 2226 548 2278 artem
565 2203 722 2276 defructu
736 2224 888 2304 egentem

84 2328 112 2378 ct
126 2307 313 2393 muscetum
327 2233 572 2408 dispostionem
585 2302 814 2400 syssetnuticem
828 2305 889 2391 ssa.

84 2407 184 2484 bilioti
213 2408 434 2484 fiendamento
463 2406 653 2480 extit-uttam
677 2411 714 2478 in
738 2406 887 2481 medium

80 2504 300 2610 proferentem
316 2507 528 2583 lubentissime
548 2512 713 2607 accipient.
761 2511 888 2582 Maiori
908 2561 910 2564 >

15 2680 19 2717 ,
80 2637 151 2688 cum
163 2614 331 2712 voluptate
341 2612 458 2711 legitur
473 2632 582 2683 tomus
595 2608 648 2680 hic
656 2606 792 2707 primus,
800 2608 890 2707 post·

80 2740 175 2814 quum
189 2725 333 2791 iconum
346 2710 621 2809 contemplatione
634 2708 692 2791 sibi
709 2706 794 2783 ideas
803 2708 889 2784 Clas.

77 2821 226 2895 Audiorin
248 2821 399 2889 notiores
423 2807 562 2886 reddidit
581 2810 694 2882 letior.
752 2814 890 2897 Etrorec

77 2922 309 3024 ‘YPOssraphici
325 2918 403 2993 hinc
421 2912 498 2990 inde
511 2911 700 2986 restiterunt.

426 3025 430 3032 ¹
644 3013 792 3086 Lstssm
814 3038 841 3094 3·

348 3190 623 3216 Μ

614 3288 618 3298 ’
727 3297 894 3376 toset'n
