2200 3692
80 171 88 198 Ι
173 222 247 312 506
399 211 456 284 ΙΙ.
477 208 532 282 Dc
546 206 635 280 tibris
650 180 751 284 nouit.

174 397 218 474 de
245 397 304 471 illit
328 392 495 494 ingeniose
530 392 723 470 obseruauit.
760 429 805 446 -
855 395 982 490 Cupiunt

169 498 346 602 quamdam
368 496 511 570 idearum
528 492 632 569 adell‘e
653 495 780 583 debere,
808 492 924 586 docet,
957 493 982 569 st

193 610 240 675 uis
256 607 397 687 miretur,
406 619 439 671 ut
452 596 526 670 inde
537 594 679 674 nascatur
690 604 832 688 voluptas
846 605 978 671 circum·
1082 643 1083 658 κ

168 629 321 803 spiciendi
336 698 553 799 intuendique,
572 703 650 772 hinc
666 725 745 772 vero
761 696 913 798 deinceps
929 725 980 770 ru·

161 810 281 901 piditas
300 798 426 876 sciendi.
475 799 570 874 Vnde
588 819 689 898 patet,
715 820 764 872 tot
778 796 842 871 elle
864 798 980 898 gradus

167 901 399 991 admirationis,
413 922 495 1002 quot
510 899 579 975 sunt
595 900 686 973 modi
708 896 856 972 scientiae
869 904 979 974 homi·
1083 971 1084 992 p

167 1031 258 1079 num.
311 1007 438 1076 Deinde
459 998 599 1097 sequitur
613 1008 726 1089 etiam,
748 1021 781 1072 vt
796 1002 925 1099 puerilis
946 1020 979 1073 et

166 1105 313 1181 iuuenilis
336 1126 419 1178 aetat
437 1103 642 1177 admirationi
666 1107 835 1201 praecipue
853 1123 925 1202 apta
945 1122 978 1176 et

166 1204 273 1281 dedita
290 1206 335 1293 stt,
346 1232 426 1306 quae
441 1231 541 1306 quant
557 1207 594 1278 stt
609 1201 747 1276 salutaris
763 1225 861 1291 res,ct
877 1231 976 1303 quam

164 1309 250 1381 hene
277 1306 373 1406 possit
397 1306 437 1379 ad
463 1306 655 1404 prudentem
680 1311 786 1376 aetatis
817 1305 976 1378 culturam
1084 1369 1085 1372 ,

163 1416 321 1493 conuerti,
337 1408 531 1508 intelligitur.
581 1413 636 1481 Vti
658 1427 763 1479 autem
779 1402 895 1505 singuli
911 1409 975 1480 ho·

162 1517 269 1588 minei
297 1506 386 1582 suam
409 1517 541 1609 quisque
563 1510 683 1581 habent
704 1510 867 1606 epocham
890 1504 977 1606 quast
1085 1541 1086 1546 ¹

164 1612 396 1698 admirationis,
414 1616 456 1682 ita
473 1635 504 1682 et
519 1606 816 1707 uniuersaqgente't.
867 1608 976 1705 Qare

167 1718 319 1787 omnium
345 1711 547 1810 populorum
583 1710 750 1783 hilloriam
773 1714 973 1807 primitiuam

163 1810 342 1889 fabulosam
362 1811 636 1909 deprehendimus
665 1838 702 1884 ac
725 1810 884 1885 miraculis
906 1811 973 1908 ple·
1086 1843 1087 1856 ¹

163 1942 261 2004 nam;
285 1911 340 1986 sed
355 1939 424 2013 qno
443 1912 564 1986 felicius
581 1913 713 1987 illorum
730 1917 898 2010 ingenium
918 1939 972 1984 na·

164 2038 256 2089 turae
273 2040 380 2088 rerum
396 2011 501 2087 lludio
525 2034 557 2085 et
569 2019 760 2113 cognitione
775 2013 895 2086 cultum
921 2038 974 2085 ex·

163 2117 368 2219 politumque
383 2111 518 2201 scimur,
539 2140 582 2187 eo
598 2121 699 2215 magis
713 2113 785 2186 illos
802 2142 821 2187 a
838 2112 973 2187 creduli·
1038 2139 1045 2152 ¹

161 2237 235 2307 tate,
249 2216 380 2317 liupore
394 2211 690 2317 superllitioneque‚
705 2234 737 2289 et
751 2222 862 2289 ceteris
871 2214 973 2290 adrni-

160 2324 294 2394 rationis
318 2315 483 2390 effeslibus
504 2322 666 2390 immunes
691 2314 828 2405 euasisse,
844 2343 970 2417 cogno·

160 2416 290 2495 seimon
334 2418 398 2494 Sed
418 2412 567 2491 interiisse
583 2422 679 2491 etiam
695 2424 729 2491 in
744 2421 851 2493 multis
869 2424 973 2518 genti·

161 2521 240 2607 bus,
270 2518 321 2593 vel
344 2514 541 2594 obfuscatam
564 2541 648 2592 certe
671 2514 737 2593 else
754 2523 839 2596 hane
856 2520 972 2609 lucem,

161 2620 296 2700 historia
314 2619 461 2721 loquitur.
482 2657 525 2674 -
549 2625 698 2695 Attamen
720 2627 891 2719 proprium
909 2617 973 2696 else

162 2744 295 2801 naturae
307 2724 466 2794 humanae
487 2748 636 2798 amorem
650 2748 687 2794 ac
705 2720 843 2797 studium
867 2723 972 2796 admi-

161 2829 312 2907 rationis,
338 2821 427 2923 quod
446 2850 624 2922 numquam
647 2822 827 2914 exsatiatur,
853 2844 885 2897 et
900 2850 972 2925 quo

159 2930 264 3020 magia
279 2924 388 3010 alitur,
412 2950 455 3016 eo
470 2927 690 2997 vehementiae
704 2920 918 3024 concupiscit,
936 2926 973 2998 li.

158 3041 214 3093 cet
226 3021 303 3093 illud
319 3027 354 3093 in
369 3022 437 3096 aliis
451 3023 541 3096 aliter
555 3045 779 3123 comparatum
796 3026 845 3115 sit,
870 3032 971 3100 mani-

158 3115 279 3202 stillim
300 3118 360 3194 eil.
420 3121 478 3197 Ille
491 3126 582 3224 {vero
602 3121 711 3202 seusun
728 3134 981 3305 mirationiabeu

169 3277 173 3288 .
200 3281 203 3288 ,
575 3295 579 3304 ,
857 3253 914 3332 qm
937 3255 970 3303 ut
