2200 3692
126 279 340 354 Rciaiardda
353 275 490 374 copim
500 272 638 349 mirabili
653 224 760 369 astate
784 293 862 374 499
891 262 897 269 ’

57 484 132 555 erat,
153 466 211 541 rel.
233 492 279 518 ·-·
307 463 490 563 Triplicem
514 466 606 536 hunc
625 458 735 553 usum,
760 487 861 565 quem

54 588 188 641 accurata
208 585 340 640 naturae
363 584 394 637 et
408 564 566 638 efficaciae
585 590 693 638 rerunt
719 566 859 643 admira.

54 667 157 741 billum
173 669 350 767 exploratio
367 671 546 764 promittit,
571 666 741 765 diligenter
757 670 803 741 ob
820 696 866 744 o.

52 769 136 843 culos
155 773 268 842 habuit
285 769 398 841 audior
419 767 492 839 libri
510 765 627 856 nostri,
661 792 769 870 eoque
790 776 861 853 iarn

52 867 175 944 laudem
195 869 378 943 demeretur
391 892 558 967 magnam,
584 865 676 967 quod
690 897 760 942 non
781 899 859 948 mo.

52 969 93 1044 do
110 967 216 1045 l'trtusit
235 977 401 1045 materiam
420 995 480 1067 per
498 966 530 1040 le
552 966 598 1040 lar
623 969 858 1067 ponderosam,

52 1098 155 1145 aerum
177 1073 265 1145 illam
281 1077 378 1144 etiarn
395 1071 435 1141 ab
446 1070 574 1142 utilitate
589 1066 642 1142 fua
656 1071 859 1170 potiss‘unum

49 1168 204 1271 spoliauit.
252 1168 396 1245 Discull'rt
411 1168 594 1258 autem‘stc‚
619 1191 651 1242 vt
679 1174 773 1247 nobis
790 1174 861 1252 fere

50 1276 124 1347 nihil
136 1269 371 1372 serill‘e'reliqui
382 1270 533 1344 videatur.
583 1273 739 1371 Qatuuis
756 1279 858 1367 enim,
913 1333 918 1343 .

47 1397 78 1448 vt
101 1374 168 1474 ipse
184 1372 260 1446 vidit
280 1401 317 1446 ac
335 1367 428 1446 sallus
444 1372 507 1460 ell,
521 1398 607 1468 <non
622 1371 751 1471 prorsus
768 1402 859 1450 noua

47 1497 77 1550 et
92 1480 209 1551 intaeta
232 1473 269 1547 stt
288 1501 337 1548 res
354 1475 423 1561 illa,
447 1500 545 1574 quam
562 1475 695 1564 tradat3
719 1502 858 1555 uouam

45 1599 151 1652 tamen
169 1572 324 1676 ingressus
337 1574 381 1649 ell
396 1580 494 1662 viam,
519 1597 673 1672 eamque,
699 1574 760 1647 nist
774 1575 859 1651 fatti

45 1707 132 1768 mur,
160 1685 339 1778 optimam,
371 1678 485 1778 inqua
512 1671 745 1777 amplilllmum
766 1681 856 1754 hune

43 1808 196 1880 campum
223 1797 414 1878 peragraret.

83 1885 193 1982 Qam
208 1886 242 1952 in
259 1880 324 1953 aliis
340 1886 398 1950 viri
416 1876 507 1949 huius
525 1872 611 1949 libris
631 1883 855 1975 cognouimud

41 1984 203 2084 legitimae
227 1978 443 2080 dilucidaeque
477 1973 695 2076 dispolltionis
731 1976 854 2073 cutam,

42 2112 122 2185 quar
148 2092 186 2156 in
202 2078 463 2180 disputationibus
479 2073 713 2177 philosophicis
731 2086 863 2181 primae

40 2193 85 2259 tia
106 2192 203 2258 virtus
221 2184 276 2270 att,
295 2209 367 2256 eam
388 2188 422 2253 iu
438 2183 628 2265 boeotiam,
646 2180 686 2253 de
701 2207 771 2280 quo
786 2188 856 2282 agi·

38 2314 122 2375 mus,
140 2283 298 2359 secundae
316 2280 471 2354 sollertiae
488 2300 520 2353 et
534 2276 714 2376 οἶκριβειας
731 2308 852 2382 monu.

39 2399 156 2463 riiento
175 2384 467 2458 animaduertimus.
525 2387 609 2453 Ante
629 2388 740 2454 omnia
756 2388 855 2482 igitur

36 2490 216 2585 insciliam
224 2496 329 2581 prima
351 2485 462 2557 iouelli
485 2486 552 2555 ault
578 2504 609 2554 et
630 2480 800 2557 declarauit
817 2489 854 2559 in

36 2585 224 2664 volucrium
240 2593 389 2658 notionem
404 2613 451 2665 τε
462 2508 655 2678 §augeam
669 2582 852 2661 admodum

35 2682 185 2767 sollicite.
234 2687 388 2760 Etnultia
412 2684 565 2782 exemplis
592 2707 699 2755 rerum
718 2682 855 2779 iafitlita·

34 2820 109 2867 rum
126 2810 160 2865 et
181 2788 469 2884 iaexfheiiatdrum,
494 2810 633 2885 quarum
654 2812 773 2883 uetnpe
792 2787 854 2860 ob.

33 2891 222 2969 seruatione
236 2885 388 2977 efficitur,
405 2905 438 2959 vt
453 2893 616 2965 ntia-emur,
637 2887 759 2986 colligit
776 2890 856 2978 hoc,

59 2993 131 3070 uod
148 2999 184 3064 in
202 2988 262 3062 illia
280 3012 457 3065 commune
478 2983 532 3059 eti.
589 2988 634 3058 lta
649 3007 751 3078 certe,
776 2986 856 3089 quid
966 3050 974 3063 ,

31 3023 116 3174 ἕπει
131 3089 204 3164 vsua
219 3108 251 3162 et
272 3085 470 3165 consuetudo
487 3087 643 3186 loquendi
667 3093 701 3159 in
717 3092 785 3162 hoc
797 3082 855 3187 ge·

33 3222 128 3289 nere,
145 3209 247 3297 patet.
306 3191 422 3293 Qum
437 3191 534 3290 igitur
548 3194 726 3287 peregriua«
756 3214 855 3290 quae·
915 3254 916 3258 ,

477 3292 557 3363 lia
777 3310 854 3390 que,
