2200 3692
210 246 285 335 11'6
434 252 490 329 II.
514 253 572 326 De
596 254 688 326 libris
702 260 813 329 nouis:

204 438 360 522 llruentlis
370 437 521 515 aediliciis
535 460 595 515 erc.
637 444 751 515 Maior
765 439 933 516 seruorum
947 447 1022 540 p'ara

112 582 116 593 ¹
193 547 333 622 meliori
341 539 687 642 gaudentconditione,
695 550 792 642 quain
800 551 835 616 in
844 539 911 642 ipsa
919 550 1022 641 patria

204 645 305 751 gauilr
326 641 406 716 sunt.
455 646 566 744 Quare
586 643 646 743 ipsi
667 671 903 745 nonnunquam
922 645 1020 732 Galli,

205 753 299 826 omni
323 767 415 819 exuta
438 747 654 833 humanitate,
679 743 830 819 ferociter
848 742 880 817 se
900 765 1023 843 gerunt

56 886 61 901 1
205 870 319 925 contra
339 845 372 919 se
391 853 534 918 inuicem
552 868 584 918 et
601 846 741 920 ludaeou
791 852 872 946 Cap.
886 850 940 919 lv.
963 848 1022 919 De

203 956 345 1050 imperio
361 945 505 1045 aulaque.
555 951 730 1045 Imperium
747 948 791 1019 eli
804 945 1020 1047 despoticutn,

203 1052 361 1152 nullisque
379 1049 530 1120 limitibus
558 1054 701 1147 potentia
718 1055 801 1148 regie
820 1044 1021 1121 circumscri-

203 1157 298 1230 bitur.
342 1154 450 1228 Mauri
472 1173 584 1248 regem
600 1150 762 1247 appellant
776 1153 892 1231 Saum,
908 1156 1021 1230 bidae,

204 1259 291 1336 Sidi,
320 1255 390 1323 Sidi
417 1254 533 1325 dlebir.
593 1254 744 1349 Regnum
769 1251 1020 1324 haereditarium

121 1416 127 1429 ,
203 1357 259 1446 ell,
279 1380 318 1427 ex
333 1347 677 1454 quo'Slaeribe'rermu
694 1349 882 1448 potiusnon
915 1353 1020 1425 iilius

202 1479 280 1535 natu
296 1460 452 1528 maximus
469 1451 670 1548 patremfatis
685 1452 872 1527 delimbium
887 1458 1017 1554 excipit.

201 1559 304 1634 Nullo
312 1555 455 1628 concilio
472 1557 603 1642 intimo,
636 1555 869 1627 ualeTurcicus
882 1557 1018 1639 θέωσι,

200 1660 328 1758 stipatus
347 1654 392 1728 eil
415 1678 480 1727 rex.
537 1657 588 1727 Bis
610 1581 740 1754 llngulis
758 1655 1018 1731 hebdomadibus

199 1757 257 1836 sub
272 1757 328 1832 dio
344 1760 514 1830 conueniri
524 1755 626 1854 potell
637 1784 655 1828 a
666 1782 861 1859 quocunque
875 1754 1015 1835 suorum

163 1922 167 1931 ,
198 1858 422 1945 subditorum,
452 1854 503 1927 vel
520 1854 638 1956 aliquid
664 1853 873 1957 efflagitante,
899 1858 950 1931 vel
968 1860 1014 1936 de

142 1992 146 2001 ·
190 1968 314 2044 ‚iniuria
330 1958 386 2032 fibi
403 1957 485 2030 illua
493 1977 722 2054 conquerente.
771 1956 944 2035 Redituum
960 1986 1015 2035 re.

199 2055 513 2167 gionumsummam
527 2059 669 2131 aestimat
685 2060 802 2132 aanor
820 2058 922 2134 decies
933 2088 1014 2136 cen.

198 2187 272 2239 tena
291 2162 389 2234 millia
404 2156 740 2258 Piallr.'expensarum
757 2186 885 2250 300000,
913 2168 957 2234 ita
976 2187 1013 2239 nt

198 2274 313 2367 iugens
334 2257 465 2362 superfit
478 2268 632 2357 pecuniae
652 2267 713 2347 vit,
729 2287 821 2361 ‚quae
837 2271 1013 2363 quotannis

197 2366 385 2444 cumulatur.
435 2364 515 2460 Cap.
533 2368 572 2435 V.
602 2365 653 2433 De
668 2387 704 2433 re
723 2363 861 2437 militari
910 2369 1013 2438 Exer.

197 2476 275 2545 citus
290 2482 446 2563 temporo
463 2467 547 2560 pacis
565 2462 689 2535 conllat
700 2478 782 2535 6000
798 2468 1012 2564 Aethiopibus

197 2567 403 2665 totidemque
421 2564 584 2635 Arabibus.
634 2568 714 2662 Cap
728 2569 780 2638 lv.
797 2567 849 2638 De
866 2569 1010 2647 Piratica.

195 2668 306 2747 Claffis
321 2692 395 2741 raro
404 2658 533 2762 superat
548 2690 763 2737 numerumn
779 2673 1011 2770 nauiumque.

196 2768 271 2847 rtim
296 2763 463 2842 foniffima
483 2790 520 2851 45
543 2771 715 2839 tormentis
741 2766 929 2843 militaribus
956 2777 1011 2844 iu.

102 2938 106 2953 .
182 2872 310 2945 ‘strum
327 2869 381 2942 eil.
429 2868 536 2939 Nauos
550 2865 712 2940 struuntur
735 2872 770 2939 iu
789 2869 919 2941 urbibus
933 2872 1011 2947 Sala

87 2978 90 2993 “
185 2994 228 3047 et
243 2955 374 3046 Tetuun
390 2970 590 3065 alienegatit
605 2987 637 3040 et
650 2966 881 3068 Algerenlibuu,
896 2968 1009 3049 sumti.

78 3104 81 3109 .
130 3150 133 3161 ι
181 3076 252 3147 ”bus
268 3072 371 3170 regii&
428 3064 499 3140 Nifi
518 3069 558 3140 ab
580 3069 769 3143 hominibus
783 3070 863 3144 lucri
879 3067 1010 3172 sangui·

192 3179 306 3271 nisque
323 3165 425 3242 auitlia
440 3169 660 3269 impelleretur
678 3196 749 3262 rex,
772 3176 825 3245 vix
838 3178 1010 3274 piratitatn

879 3299 1010 3351 exerce.
