2200 3692
133 234 344 310 remorae
357 229 641 332 commendabile
657 183 764 328 astam
787 251 865 333 499
895 221 901 228 ’

62 436 138 509 reat,
159 423 216 498 rel.
238 449 282 476 -‘
311 421 494 521 Triplicem
518 424 610 495 hunc
629 416 739 512 vsum,
764 446 864 523 quem

59 544 192 597 accurata
213 543 344 598 naturae
368 542 398 595 et
412 522 570 596 efficaciae
588 549 697 596 rerum
723 524 863 602 admira.

58 618 162 697 bilium
177 627 354 725 exploratio
371 628 550 723 promittit,
575 622 744 724 diligenter
760 629 807 700 ob
824 655 870 704 o.

56 721 141 797 culos
160 729 272 800 habuit
288 727 401 799 audior
422 725 496 797 libri
514 723 631 814 nostri,
665 750 773 828 eoque
793 735 864 812 iam

56 819 178 900 laudem
199 827 381 901 demeretur
395 850 561 925 magnam,
573 913 576 920 4
587 824 680 926 quod
694 855 764 901 uon
785 857 863 907 mo.

55 921 97 996 do
114 922 220 1001 sumstt
239 935 405 1004 materiam
424 953 483 1025 per
502 924 534 999 se
556 924 602 998 sat
627 927 861 1026 ponderosam,

54 1050 159 1100 uerum
180 1031 268 1102 illam
285 1036 381 1103 etiam
399 1029 438 1099 ab
450 1028 578 1100 utilitate
593 1025 646 1101 sua
659 1029 862 1128 potissimum

50 1121 208 1224 spedlauit.
255 1126 400 1203 Disculsrt
415 1127 599 1216 autem'src,
622 1150 655 1202 vt
682 1132 776 1206 uobis
793 1133 864 1210 sere

51 1231 127 1302 nihil
140 1227 537 1331 secissereliquivideatur.
587 1231 742 1329 Quamuis
760 1238 861 1326 euim,
916 1292 921 1303 .

47 1350 79 1402 rt
103 1331 170 1430 ipse
189 1327 265 1404 uidit
284 1359 321 1404 ac
339 1326 431 1405 salsus
447 1330 511 1418 all,
524 1356 610 1425 ,Boou
626 1325 754 1428 prorsus
772 1361 862 1410 noua

46 1451 78 1505 et
93 1438 213 1509 inradia
236 1431 273 1506 stt
291 1459 340 1507 res
358 1433 426 1519 illa,
451 1458 549 1532 quam
566 1434 699 1523 tradam
723 1461 861 1514 -nouam

44 1554 155 1609 tamen
172 1530 327 1634 ingressus
341 1532 385 1607 ell
400 1539 497 1621 viam,
523 1555 676 1631 eamque,
703 1533 763 1606 nifi
778 1533 862 1609 fallu

41 1662 134 1724 mur,
163 1643 343 1736 optimam,
376 1637 489 1736 inqua
516 1630 748 1735 amplissimum
769 1639 877 1713 ltune'

41 1764 200 1838 campum
227 1755 418 1836 peragraret.

83 1842 197 1941 Quam
211 1845 245 1911 iu
262 1840 328 1911 aliis
343 1844 403 1909 viri
419 1837 511 1907 huius
528 1831 615 1908 libris
634 1841 858 1934 cognouimu‘d

38 1941 207 2041 legitimae
230 1937 447 2038 dilucidaeque
481 1931 698 2034 dispositionis
735 1934 857 2032 curam,

36 2069 123 2143 quae
150 2049 190 2115 in
206 2035 467 2138 disputationibus
482 2031 716 2135 philosophicis
738 2047 867 2139 prima«

35 2151 84 2217 ria
106 2151 207 2216 virtus
224 2142 279 2228 cll,
299 2167 371 2214 eam
392 2146 425 2211 in
442 2140 508 2209 hoc
524 2141 632 2223 etiam,
650 2138 690 2211 de
705 2165 774 2239 quo
790 2147 859 2241 agi·

32 2273 122 2333 mua,
143 2240 301 2317 secundae
320 2237 474 2312 sollertiae
491 2256 523 2310 et
537 2233 717 2334 οἰκριβειας
735 2268 855 2340 monu·

32 2357 159 2421 mento
179 2342 472 2416 animaduertituus.
529 2344 613 2411 Ante
632 2347 743 2413 omnia
760 2347 858 2441 igitur

27 2448 219 2545 insciliam
228 2453 333 2539 prima
355 2442 465 2515 iuuelli
489 2443 556 2514 auit
581 2461 612 2511 et
633 2439 804 2515 declarauit
820 2447 858 2517 in

28 2543 228 2625 uniuersum
243 2550 392 2616 notionem
408 2570 454 2622 ru
465 2465 658 2635 {eupatore
673 2540 855 2618 admodum

25 2639 188 2729 sollicite.
237 2644 391 2717 Ernultis
416 2641 569 2740 exemplis
596 2666 703 2713 rerum
721 2637 859 2736 latfirlt'ta·

24 2780 108 2829 rum
127 2768 163 2823 et
185 2746 472 2842 ineagfpeliota'rum,
498 2767 637 2843 quarum
658 2768 776 2840 uernpe
795 2744 857 2818 ob.

24 2853 225 2932 seruatiooe
240 2843 392 2935 efficitur,
408 2865 443 2917 vt
457 2850 620 2923 miremur,
640 2844 762 2944 colligit
779 2847 859 2936 hoc,

51 2951 134 3031 uod
152 2957 187 3022 io
205 2946 265 3020 illis
284 2971 461 3022 commune
482 2941 538 3016 etl.
593 2946 638 3016 lta
653 2964 755 3034 certe,
780 2944 859 3047 quid
970 3009 978 3022 ,

24 2986 117 3138 ἕπει
135 3047 207 3122 usus
223 3066 254 3120 et
275 3043 474 3123 consuetudo
491 3045 646 3144 loquendi
671 3050 705 3116 in
721 3049 788 3120 hoc
801 3072 858 3145 ge·

24 3182 133 3247 nere,
150 3167 250 3255 patet.
310 3148 426 3250 Qum
441 3149 729 3320 iglltfmgm
760 3171 858 3347 ppt:
