2200 3692
205 254 288 346 ηε
426 250 497 323 rr.
521 247 797 351 ueratrum

312 436 445 509 tertltur.
459 439 495 508 in
512 434 673 551 cummissss
693 463 745 539 ap.
765 434 872 513 Fiissli
899 459 979 529 1782.
1007 462 1038 525 a.

312 558 369 623 284
386 559 482 636 pagg.

261 664 425 768 Magnum
440 665 592 767 proferto
610 689 642 741 et
659 671 754 742 nmni
770 664 890 758 laude‚'
903 670 1038 771 plausu,

203 774 393 863 'imitatione
417 768 555 868 dignum
580 784 753 844 conamen.
813 771 909 843 Solus
935 780 1038 851 enim

142 917 147 924 ·
210 896 259 944 rr
270 895 346 942 aar
357 897 369 940 1
382 895 406 941 u
417 894 441 942 u
451 896 470 941 a
481 895 517 959 a,
538 876 635 943 vitiu
651 891 717 943 arte
733 865 789 944 sua
803 869 1035 966 dexterrimus,

209 966 300 1045 ausus
316 971 377 1059 est,
396 968 438 1042 ad
458 967 601 1044 fumosas
621 976 785 1045 maiorum
802 976 959 1071 imagines
976 978 1036 1049 vel

209 1075 253 1146 ad
271 1078 343 1145 viua
358 1066 505 1170 exempla
527 1078 705 1171 exprimere
727 1099 846 1172 magna
865 1074 1036 1150 Heluero.

209 1199 284 1249 rum
303 1198 371 1261 ora,
388 1177 443 1271 qui
456 1192 532 1271 toga
547 1169 665 1272 sagoue
678 1173 753 1246 clari
767 1176 891 1274 aliquot
905 1176 1034 1251 abhinc

208 1254 321 1348 secdlia
339 1279 458 1372 patriae
473 1268 594 1346 famam
612 1294 643 1347 et
667 1273 765 1348 decus
781 1270 1032 1371 construamur,

98 1422 100 1427 ,
208 1401 345 1479 remque
362 1380 402 1445 ita
420 1371 569 1471 perfecit,
596 1395 646 1464 vt,
671 1381 725 1474 qni
746 1375 817 1447 ralia
833 1380 906 1448 artie
922 1373 1034 1451 docu-

208 1496 319 1551 menta
333 1480 469 1576 penitius
484 1495 617 1564 norunt,
633 1503 706 1548 non
720 1474 838 1575 puss'rnt
852 1502 922 1548 non
941 1479 1034 1555 boni

202 1584 269 1650 -viri
294 1602 431 1676 operam
456 1581 569 1674 magni
593 1574 775 1667 aessimare,
806 1575 892 1650 vnde
910 1578 965 1650 vel
991 1588 1034 1655 in

209 1672 398 1777 ipsamrem
421 1675 592 1751 literar-iam
609 1677 695 1750 haud
715 1678 786 1751 leue
800 1676 1034 1758 commodum

206 1775 387 1853 redundare
403 1774 525 1851 debeat.
554 1824 557 1829 ·
575 1783 618 1851 Vt
633 1784 723 1851 'enim
747 1803 946 1851 marsana
958 1804 1031 1874 va,

101 1941 106 1949 .
207 1887 257 1954 vir
271 1880 320 1969 cl.,
343 1883 441 1951 vitam
456 1883 607 1978 cuiusque
621 1879 711 1952 caelo
726 1877 857 1979 expreffi
872 1884 932 1951 viri
946 1880 1033 1956 bre-

207 1988 289 2054 uiter
306 1976 526 2067 adumbrauit,
547 1986 589 2051 ita
608 1980 771 2079 voluptate
788 1987 926 2052 maxima
944 2008 1032 2081 per.

205 2078 348 2155 funditur
360 2086 495 2168 animus,
508 2105 584 2152 eum
599 2107 711 2153 coram
726 2088 840 2154 intueri
853 2084 937 2169 licet,
965 2092 1031 2184 qui

206 2180 317 2255 seculis
340 2182 437 2253 tribur
458 2186 655 2254 meritorum
679 2202 710 2255 et
756 2180 890 2255 raeclare
913 2180 1031 2259 fasto-

205 2270 280 2355 rum
294 2282 409 2384 gloria,
433 2287 553 2379 patriae
576 2308 700 2371 amore,
727 2210 895 2379 ¹direrarnm
911 2281 1032 2362 studio

205 2389 317 2485 eeterit
339 2378 524 2480 iungiffime
543 2383 806 2475 antecelluerunr‚
831 2382 1033 2489 samumque

205 2489 439 2557 numinianum
454 2482 634 2580 posteritate
647 2483 868 2586 adaequarunt
912 2489 1034 2585 Velle.

203 2611 276 2658 mus
301 2594 429 2671 tamen,
461 2584 500 2656 cl.
526 2609 797 2663 uararuuvat
822 2592 858 2660 in
877 2585 1034 2668 conscri-

202 2681 309 2758 benda
326 2686 497 2757 nudorum
511 2691 573 2759 vita
594 2693 699 2760 minus
722 2714 856 2787 parcum
879 2706 912 2760 et
928 2707 1033 2769 rena.

204 2792 278 2858 cer'n
293 2779 399 2882 suiss‘e3
422 2790 543 2884 quippe
557 2782 670 2859 talium
685 2789 892 2890 cupediarnm
905 2814 1033 2870 aman.

203 2904 251 2959 tet
267 2880 387 2984 saepius
405 2885 496 2984 plura
512 2892 577 2958 iam
598 2893 729 2987 cognita
739 2890 908 2977 habebant,
929 2915 1034 2972 ante·

203 3011 303 3086 quam
320 2983 361 3059 ad
379 2986 557 3060 lediionem
577 2985 674 3060 libelli
690 2988 884 3083 accederent,
899 2982 1034 3096 neque,

121 3140 128 3149 .
201 3106 279 3159 cum
296 3084 373 3161 defit
384 3083 548 3185 praefatio,
558 3105 664 3162 tantae
678 3089 836 3166 breuitatis
851 3100 1035 3182 rationem

154 3184 159 3193 ’
201 3180 535 3288 reddere'poffumut.
595 3187 813 3275 Cuntinenrur
830 3196 899 3273 hoe
921 3198 1034 3276 volu.

927 3324 1041 3382 flunt
