2200 3692
198 258 250 339 34
427 240 483 315 ΙΙ.
509 237 564 311 Du
581 238 670 311 libtit
683 242 783 315 mats.
857 274 859 279 ¹

207 456 214 493 τ
265 524 267 527 ¹
301 427 449 515 indilata,
457 418 488 500 et
502 452 542 500 ex
549 425 688 526 Anglicu'
703 433 739 501 in
752 427 897 526 linguam
912 444 1010 506 trabae

208 572 212 579 ι
298 530 360 601 lata
375 532 620 627 Germanicam
645 525 768 626 Lipsiae
781 527 867 626 apud
884 535 1006 605 Sebui-

232 662 236 673 2
299 633 453 703 obertum.
468 648 543 717 iqua
563 653 658 727 pagg.
675 654 738 741 ³⁹⁷?
755 633 822 701 od.

249 766 287 834 ln
319 761 406 833 libris
439 779 623 833 exterorum
650 758 926 860 philolo'phorum
955 766 1003 853 iia,

200 889 342 964 quorum
368 887 471 960 nuper
491 858 615 961 Lipfiae
636 860 1012 965 prodieruntherstonea'

198 962 395 1051 vernaculae,
412 971 455 1053 is,
480 959 606 1060 dequo
624 964 677 1033 hic
696 959 886 1035 instituimur
900 970 1012 1062 palicia
1091 1032 1095 1041 ,

197 1059 367 1163 disputare,
377 1069 524 1162 inprimis
537 1062 652 1160 dignus
669 1060 801 1150 vldetur,
810 1068 897 1159 cuius
911 1090 928 1134 a
943 1078 1013 1138 nti-¹

197 1166 246 1238 bis
264 1157 388 1237 mentio
412 1163 477 1237 fiat.
535 1172 581 1236 Ac
607 1169 719 1262 primu
742 1163 874 1263 quidem
894 1165 1009 1240 audior

197 1260 265 1367 ipse
286 1293 357 1339 non
374 1265 419 1336 eli
440 1290 480 1337 ex
498 1263 550 1336 illa
565 1269 768 1339 minutorum
788 1263 1010 1365 philosopho-

196 1394 272 1441 rum
292 1361 383 1439 clall'e
399 1371 498 1449 tenui,
512 1389 653 1465 quorum
670 1386 836 1465 paupertas
851 1369 931 1453 nibil
948 1369 1018 1440 ha.-

196 1469 269 1558 bet,
292 1495 359 1567 quo
380 1463 475 1565 polilt
497 1466 564 1538 aliis
582 1460 741 1565 prodesse.
797 1469 884 1538 Nam
911 1469 1017 1544 babet'

196 1574 272 1642 iat
283 1594 303 1638 n
315 1594 326 1637 1
338 1593 387 1640 va
409 1587 535 1666 praeter
550 1565 743 1665 singularem
758 1570 794 1638 in
812 1562 1017 1669 disputando'

195 1666 415 1757 subtilitatem,
448 1686 480 1740 et
500 1672 656 1739 orationis
673 1660 814 1739 natiuam
829 1669 1020 1768 quantdatn'

194 1769 455 1871 pulcritudinem,
471 1774 567 1839 etiam
583 1766 710 1839 videndi
721 1766 820 1840 multa
833 1770 1008 1869 praeclare,

196 1892 229 1961 et
244 1866 425 1945 eotnmode
441 1865 632 1941 obseruandi
646 1862 821 1941 sollertiam
833 1868 1009 1969 insignem,

195 1978 277 2074 quae
298 1997 356 2072 per
378 1973 465 2042 hunc
481 1970 600 2067 librum
621 1964 730 2068 sparsit
754 1995 864 2042 rerum
884 1970 1009 2046 vtiliffi.

195 2100 325 2149 matum
339 2076 470 2172 copiam
491 2065 562 2143 satis
574 2069 710 2169 beatam.
759 2072 892 2159 Accedit
907 2099 1009 2172 argu.

195 2179 299 2248 menti
316 2179 470 2273 grauitas5
495 2199 573 2244 nam
588 2172 700 2244 audior
717 2191 837 2271 pugnat
855 2172 1011 2250 aduersus
1046 2246 1050 2253 .

195 2286 403 2372 rivutvut,
426 2292 457 2344 et
475 2299 556 2373 quae
574 2269 644 2345 sunt
660 2273 779 2344 abhoc
795 2279 865 2346 viro
884 2273 926 2348 de
938 2292 1010 2349 ita.

192 2395 262 2451 tura
280 2381 394 2449 mentia
413 2377 576 2447 humanae
594 2378 766 2472 omnisque
781 2380 848 2447 veri
859 2371 1011 2453 fontibus

192 2499 282 2550 acute
307 2470 455 2577 quidem,
481 2470 534 2546 led
565 2498 735 2575 perperam
758 2502 796 2547 ac
819 2475 1014 2576 perniciose

192 2560 316 2677 scripta,
326 2582 405 2649 iniis
419 2573 643 2649 labesadlandis
658 2582 699 2646 ita
706 2574 840 2664 laborat,
846 2596 879 2649 vt
892 2577 1013 2654 osten.

192 2675 271 2752 dere
282 2677 432 2766 instituat,
449 2703 514 2778 qua
531 2675 627 2749 veluti
644 2676 713 2750 luce
728 2666 922 2777 diffipandae
937 2672 1024 2777 fint'

191 2781 350 2868 tenebrae,
367 2780 483 2877 quibua
507 2801 646 2851 ravum
671 2797 823 2878 perpetua
841 2777 1011 2857 dubitatio

190 2880 339 2971 lederet,
355 2901 388 2952 vt
403 2901 520 2952 notum
535 2879 743 2972 elbpoma'uu
756 2877 814 2956 aral
832 2877 1011 2981 φαρμάτ.

188 3010 250 3061 aaa
311 2978 500 3079 Opta'ndum
513 2976 661 3079 ‘denique
684 2998 768 3068 erat,
792 2998 825 3052 vt
843 2982 896 3052 bic
916 2978 1013 3060 libet

189 3078 210 3154 i'
227 3102 396 3181 terpretem
410 3086 588 3169 inueniret3
613 3075 702 3177 quud
709 3077 827 3153 stneeo
841 3083 1014 3183 nonpos·
1047 3162 1061 3181 ‚

186 3111 260 3295 illm
276 3181 346 3257 satia
364 3183 497 3284 intelligi
512 3180 576 3277 alii,
599 3206 684 3283 quoa
701 3185 768 3257 iarn
784 3200 859 3257 ante
873 3182 1014 3286 aliquot

251 3290 288 3323 “’
818 3306 821 3315 ’
885 3304 1012 3365 annos
