2200 3692
309 245 446 348 Prrstlcy
459 190 706 345 daSctpticisino.
749 216 752 221 .
861 270 910 342 19

93 433 275 541 losophum
313 422 407 536 saepe
423 412 427 419 ’
442 431 548 533 laudat
585 441 621 509 io
651 437 719 509 hoc
753 429 909 535 opusculo

52 573 57 580 ·
97 562 429 631 annorumve,
452 563 488 609 ac
508 538 717 610 vehementer
738 563 910 612 commen·
945 622 948 631 ¹

95 638 160 713 dat.
182 642 185 650 ’
215 637 371 739 Adiungit
385 637 533 736 paucula,
550 648 654 736 eaque
669 637 842 727 notiffima,
868 636 910 712 de

96 766 150 828 eo,
169 736 246 839 quid
262 745 297 810 in
312 745 501 838 cognitione
517 743 658 812 humana
671 755 785 812 certum
802 739 857 830 fit,
876 760 909 822 et

97 834 257 929 obferunt,
272 836 343 912 satis
361 846 442 914 bene
462 839 631 912 nobiscum
646 845 707 939 agi,
719 837 755 930 fi,
770 866 852 941 quae
866 839 910 915 de

4 1022 6 1027 ,
95 941 257 1040 religione
274 938 439 1028 dicantur,
469 937 667 1039 disputentur
690 941 910 1039 probabiliter,

8 1038 14 1055 ’
94 1050 331 1144 geometricam
346 1034 511 1143 οἱπόὃειξιν
525 1048 561 1114 in
574 1045 640 1114 hoc
654 1066 756 1141 genus
772 1070 843 1116 non
858 1068 910 1116 ca·
942 1042 946 1052 ⁸

97 1143 188 1218 dere
237 1145 338 1240 :Qec
364 1138 542 1242 sequunmr
569 1142 722 1240 epistolae
736 1150 831 1226 door,
855 1141 912 1218 de·

95 1241 300 1330 monstrant,
327 1243 378 1341 ff
394 1246 518 1324 Deam·
560 1244 657 1315 altera
680 1249 770 1316 enim
795 1271 834 1316 cx
855 1268 911 1333 eo,

99 1341 277 1447 quodsrne
291 1340 392 1416 cauffa
408 1345 527 1418 idonea
543 1344 624 1416 nihil
639 1371 779 1445 anquam
791 1349 912 1418 oriatur

98 1465 133 1520 et
146 1452 282 1533 eueniat,
291 1442 386 1518 efficit
401 1448 478 1533 hoc,
490 1439 553 1516 effe
568 1439 746 1534 summum,
756 1451 812 1545 qni
827 1449 913 1520 hanc

97 1571 210 1621 rerum
235 1545 467 1619 vniu'erfitatcm
491 1542 687 1635 condiderit,
721 1549 913 1637 audiorern3

96 1649 199 1722 altera
218 1645 306 1720 diluit
321 1648 696 1746 criminationes,qnibus
710 1647 852 1721 obnoxia
865 1653 912 1721 vi·
978 1742 982 1745 g
1000 1734 1004 1737 v

93 1747 172 1824 deri
185 1746 280 1847 poffit
297 1752 377 1820 haec
392 1755 637 1846 argumentatio.
700 1748 763 1822 Sed
781 1755 817 1830 in
830 1776 911 1822 con·
982 1799 987 1803 -

94 1846 240 1928 fetandis
260 1857 454 1949 argumentis
480 1845 733 1922 aduersariorum
756 1870 788 1922 et
808 1850 914 1922 breuia

97 1952 147 2026 eii
161 1952 292 2040 aanor,
317 1968 349 2021 et
373 1944 523 2021 admiscet
547 1949 723 2039 nonnulla,
748 1948 913 2049 quaesere

97 2050 174 2128 funt
206 2050 245 2123 ad
276 2050 562 2124 connnouendum
591 2047 692 2144 risum
718 2070 914 2151 comparata.

97 2149 249 2228 Ostendit
262 2160 352 2225 enim
367 2158 580 2251 argumentis,
602 2177 717 2239 exeo,
742 2151 831 2251 quod
848 2155 913 2225 ho·

96 2259 206 2330 mines
225 2253 291 2325 stne
299 2254 440 2326 cerebro
457 2258 600 2352 cogitare
619 2279 690 2339 non
706 2253 835 2351 poffint,
850 2258 914 2326 mi.

96 2362 192 2432 nitne
209 2350 365 2454 consequi
384 2357 467 2442 hoc,
496 2358 582 2442 Deo,
607 2359 661 2453 qui
685 2352 801 2453 etipse
822 2360 914 2455 cogi.

96 2454 191 2531 tundi
206 2462 271 2528 vim
287 2448 414 2544 habeat
427 2455 605 2544 cerebrum,
614 2455 675 2541 vei,
690 2475 723 2526 vt
735 2461 770 2528 in
785 2450 915 2555 fingen-

74 2550 80 2559 ’
98 2560 149 2634 do
166 2556 267 2629 verbo
289 2584 383 2629 nouo
400 2557 560 2629 Velleium
583 2553 696 2655 sequar
718 2553 802 2656 apud
818 2560 912 2630 Cice-

99 2683 233 2746 ronam,
251 2654 416 2757 quoddam
439 2660 525 2756 quast
537 2664 691 2728 cerebrum
705 2659 915 2758 tribuendum

79 2778 83 2785 ⁴
100 2755 185 2847 effe3
210 2780 304 2858 atque
320 2759 360 2831 de
375 2761 435 2831 hac
451 2785 487 2831 re
502 2782 562 2856 per
577 2759 701 2857 aliquot
718 2765 850 2858 paginas
864 2754 915 2830 'sa-

101 2869 138 2936 tis
149 2858 235 2933 serio
251 2856 395 2959 disputat.
447 2857 590 2957 Epistola
603 2875 717 2956 quarto
732 2856 913 2933 deottribu·

99 2970 143 3037 ars
158 2965 275 3035 diuinis
292 2966 451 3057 praecipit,
466 2982 496 3033 et
514 2959 660 3048 ostendit,
675 2963 782 3033 Deum
795 2965 916 3041 ¹omnia
951 2959 954 2964 ’
969 3012 974 3021 .

98 3061 190 3152 scire
209 3068 322 3134 omnia
337 3056 437 3162 porse,
477 3057 652 3157 raesentetn
669 3062 784 3160 ubique
800 3056 914 3150 adesse,

98 3191 138 3243 aa
150 3160 283 3243 connisa
297 3188 399 3239 vnum
417 3087 480 3237 etii
493 3155 595 3263 poffe.
644 3165 800 3238 Ceterum
813 3159 931 3234 existe*
977 3194 982 3205 x

456 3293 460 3301 “
496 3265 593 3351 ΙΒ“α
847 3273 917 3349 mat
