2200 3692
164 248 332 321 Reinirurd
340 252 380 322 de
393 274 439 331 ro,
449 250 534 347 quod
544 249 682 322 mirabile
696 244 736 342 est
751 261 805 325 etc.
835 271 911 346 503.

87 438 214 515 nemini
238 441 453 535 mirationem·
476 434 613 524 faciunt,
653 431 793 534 speciem
822 461 903 510 vero
978 476 981 485 ,

39 564 43 569 ·
85 536 258 613 mirificam
279 539 426 611 obtinent
449 564 467 609 a
488 544 643 617 sustentata
668 554 695 609 ιι
711 540 826 631 consilio
850 543 900 625 iir7

85 645 216 717 tuentis,
247 657 289 725 st,
309 665 397 737 quae·
412 657 581 735 putantur,
605 642 733 725 omina,
758 643 899 736 auguria,

82 738 234 841 portenta
256 733 326 813 esse.
377 744 489 831 (Hine
513 744 581 809 iam
595 758 699 836 patet,
725 759 898 836 antequam

81 839 243 911 naastan
260 834 394 928 causae,
419 866 435 909 a
452 840 565 936 quibus
581 841 751 910 admiratio
767 838 896 937 pendet,
1007 848 1017 859 ’

60 963 62 967 ·
79 934 306 1036 disquirantur,
328 946 507 1038 generatim
522 946 590 1011 iarn
610 937 804 1038 indagandas
818 935 896 1013 suis·

77 1035 343 1133 festinavimus.)
394 1044 432 1112 ln
454 1041 529 1128 illis,
553 1065 635 1138 quae
649 1059 717 1112 arra
735 1041 898 1131 conflanta.

79 1144 137 1239 qui
151 1145 223 1211 artis
240 1146 335 1238 periti
354 1168 425 1212 non
444 1138 525 1227 sunt,
548 1146 704 1212 mirantur
722 1141 771 1212 vel
786 1168 891 1233 operef

76 1241 129 1321 vel
143 1242 286 1335 artificem
294 1269 307 1322 ,·
332 1247 365 1313 in
374 1249 514 1333 operibus
529 1242 662 1340 quidem
671 1239 890 1331 difficultatem

73 1364 105 1414 et
120 1342 266 1413 laborem
282 1348 324 1414 iis·
334 1337 520 1428 insuuntum,
530 1363 563 1412 vt
577 1341 601 1412 st
613 1341 664 1420 vei
672 1367 891 1441 praemagnus

73 1464 105 1516 et
123 1447 286 1530 immanis,
308 1443 358 1515 ves
379 1450 567 1540 perexiguae
585 1442 764 1530 tnnlinvel
778 1443 890 1541 multi·

69 1545 164 1643 plicis
187 1549 339 1616 varietatis
360 1563 393 1615 et
406 1540 625 1617 consenfionis
648 1549 805 1643 partium,
835 1545 887 1618 vel

69 1671 145 1719 non
176 1639 317 1741 speratae
346 1642 561 1717 firnilitudinis
589 1642 650 1727 fint
679 1671 754 1717 cum
777 1644 891 1734 surina

68 1743 210 1847 quadarn
226 1751 401 1844 primitiae,
410 1746 458 1818 vel
477 1747 663 1835 durationis,
677 1746 727 1818 vei
748 1748 888 1820 utilitatis

69 1851 209 1933 eximiae
226 1848 392 1919 videantur
414 1842 496 1936 esse;
525 1854 559 1918 in
577 1842 694 1938 artifice
709 1873 787 1920 vero
813 1853 882 1921 vim

66 1934 244 2047 quamdam
263 1945 466 2119 fispgularem
490 1947 677 2020 sine'iliain
688 1953 797 2051 paucis
812 1966 888 2035 tan,

64 2069 142 2121 tum
158 2045 221 2125 visa
240 2046 287 2134 fit,
313 2075 367 2123 tue
382 2075 457 2123 eum
472 2049 589 2121 fiducia
606 2067 638 2121 et
655 2048 782 2121 audacia
800 2052 883 2121 son.

64 2146 268 2236 inuriafine
282 2146 409 2221 fimuiet
426 2156 696 2238 incantationem
721 2147 812 2249 qnod
824 2175 881 2247 ge-

66 2276 131 2324 nus
146 2254 283 2322 mixtum
300 2256 366 2323 iant
382 2250 426 2323 ess
444 2278 483 2322 ex
499 2252 592 2325 rebus
607 2258 773 2350 corporeis
788 2257 881 2337 etin.¹

66 2356 253 2451 corporeis..
283 2352 335 2422 De
348 2353 397 2424 his
412 2357 595 2452 priusquam
606 2348 715 2424 sermo
731 2350 878 2439 finemu-

63 2468 270 2526 memoratur
285 2448 390 2524 adhuc
406 2478 505 2548 genus
521 2450 689 2553 quoddam
699 2478 823 2536 rerum,
839 2456 880 2526 in

65 2553 184 2653 quibus
208 2551 390 2626 mirabundi
419 2557 551 2626 haerere
578 2550 682 2626 soient
711 2557 882 2647 homines,

63 2680 150 2753 quae
164 2673 276 2726 tamen
298 2659 401 2726 neutri
424 2654 472 2727 issi
496 2653 579 2728 classi
600 2649 708 2726 subiici
732 2649 881 2752 possunt,-

62 2780 187 2852 nempe
212 2753 375 2852 opulentia
399 2774 431 2828 et
450 2776 616 2854 paupertas
635 2780 764 2853 magna,
779 2760 879 2828 item.

20 2848 24 2859 ⁸
62 2883 131 2958 que
153 2854 346 2928 celebritates
369 2882 406 2928 ae
424 2883 568 2955 pompae
592 2852 749 2929 solennes.
799 2860 878 2947 (ln.

61 2956 283 3031 commodam
309 2951 371 3051 esse
388 2962 485 3056 igitur
503 2955 696 3041 diuisionem
712 2954 801 3028 issam
824 2980 876 3028 re·
978 3008 981 3015 «
1061 2945 1068 2953 ’

62 3083 141 3133 rum
161 3056 355 3129 mirabilium
380 3063 414 3131 in
434 3084 597 3149 corporeus
613 3078 644 3131 et
667 3062 873 3149 incorporari,

63 3175 219 3262 apparet3
231 3157 350 3236 melior
363 3165 509 3335 quampis
527 3186 600 3237 non
617 3154 879 3278 surreperetquie

345 3280 352 3297 ‘
491 3287 550 3348 14
759 3281 873 3333 emota
