2200 3692
308 252 485 329 Ttomemt
501 252 538 328 tir
555 278 634 332 aere.
830 264 879 347 εἰ

136 500 139 505 .
165 444 297 543 eiusque
307 449 478 517 veriorum
486 467 656 542 generum,
668 438 709 514 ad
725 439 880 516 alendum

164 541 409 645 curandumque
431 572 548 644 corpus
570 546 717 618 aniruale.
774 547 879 618 Vertit

162 669 182 716 e
206 648 317 718 franc,
347 672 416 718 nur.
442 668 607 719 corre.
635 670 813 744 ovnu'r,
845 661 878 717 et

166 744 324 843 praefatus
339 746 383 819 eil
397 747 451 819 Ill.'
461 771 486 820 e
496 773 517 818 u
528 774 552 820 v
561 770 587 817 u
597 771 658 845 nn.
681 751 768 819 lenae
782 742 878 822 vend.

170 850 318 921 Cononis
334 845 477 921 heredes.
499 868 575 938 1782.
592 867 617 926 8.
639 874 694 936 147
709 872 805 947 pugg.

80 1007 86 1023 ’
120 982 158 1050 ln
172 1002 174 1006 ’
187 997 272 1050 tantu
296 984 431 1079 quosuis
459 999 643 1053 exterorum
666 979 789 1052 libellos
811 1003 882 1051 ver·

1 1078 13 1156 l
75 1080 159 1154 tendi
175 1075 331 1152 molesmo
348 1076 517 1181 cupiditate
534 1088 654 1155 mirum
668 1080 818 1180 profedio
835 1080 881 1152 vi·=

77 1181 182 1269 detur,
214 1187 383 1256 neminem
404 1180 507 1255 adhuc
523 1185 610 1256 hunc
632 1183 832 1284 praeclarum
848 1199 881 1252 et

77 1282 244 1383 perutilem
264 1281 304 1356 ed
321 1280 563 1383 cognoscendas
578 1290 715 1383 penitius
737 1290 816 1355 aeris
828 1280 886 1355 fixi

78 1389 263 1482 nuperrime
278 1380 361 1456 adeo
378 1385 525 1458 celebrati
538 1384 662 1459 formas
679 1403 709 1456 et
727 1382 819 1457 dotes
831 1408 888 1480 ep-

75 1478 196 1585 pareffe
205 1487 384 1574 Germanis,
396 1487 508 1559 talium
525 1493 722 1559 exoticarum
736 1481 886 1586 cupedia.

77 1610 161 1673 rum,
185 1582 373 1685 praefiscine
396 1588 531 1660 dixerim
549 1584 768 1687 cupidiffimis.
821 1581 890 1657 Sed

76 1685 192 1759 arduus
206 1686 354 1786 proledo
373 1687 565 1777 laborent,
591 1715 727 1788 grauem
741 1695 776 1760 in
792 1693 887 1786 graui

75 1786 238 1888 arduaque
253 1814 288 1862 re
302 1795 408 1863 vuum
420 1788 519 1891 sequi,
537 1792 683 1889 beneque
700 1790 806 1889 lingue
823 1814 887 1859 no·
961 1850 963 1853 .

75 1887 140 1961 lire
162 1896 357 1989 exprimere:
392 1889 428 1964 ld
451 1888 563 1989 quod,
590 1897 623 1964 ni
647 1897 755 1963 omnis
779 1887 886 1978 fallor,

75 1985 186 2063 dextre
200 1989 273 2063 fecit
287 1999 442 2091 interpres
457 1992 583 2083 noller,
607 1987 687 2082 vsur,
705 2012 739 2063 vt
751 1988 890 2079 videtur,

75 2097 146 2164 eius
161 2096 230 2177 viri,
254 2098 307 2192 qui
325 2091 480 2192 praelatus
497 2093 551 2184 ell,
576 2120 675 2165 manu
689 2093 890 2166 auxiliatrice.

72 2198 156 2292 Agit
170 2217 249 2291 ergo
263 2196 375 2276 audior
387 2201 423 2267 in
436 2215 525 2294 parte
539 2201 644 2294 prima
660 2190 701 2280 de
717 2200 790 2266 eer'e
807 2201 889 2267 eius-

70 2312 141 2396 que
156 2290 280 2384 formis,
291 2298 405 2394 quibus
419 2304 602 2369 continetur
619 2321 672 2368 aer
687 2291 889 2394 atmolphae.

71 2401 182 2485 ricus,
204 2394 285 2467 fixut
299 2416 332 2469 et
347 2394 539 2487 indefinitus,
565 2402 586 2470 i.
602 2422 630 2470 e.
646 2397 805 2486 alcelinus,
825 2401 889 2468 aci·

70 2493 147 2585 dut,
172 2491 325 2586 nitrosus,
351 2516 400 2585 et,
425 2494 478 2596 qui
503 2494 666 2599 qualisque
686 2504 822 2599 'quisque
839 2495 887 2590 lit,

70 2618 160 2699 quas
175 2599 336 2698 qualitates
355 2598 487 2689 hebeat,
514 2598 627 2685 docet,
649 2606 795 2696 inprimis
809 2623 889 2696 vero

1 2751 2 2758 κ
97 2695 157 2772 uid
175 2696 322 2773 conserat
336 2726 390 2773 aer
406 2697 721 2779 nobiecireumlusus
736 2698 777 2771 ad
792 2705 892 2776 vitam

68 2726 338 2890 immundam,
358 2808 514 2901 quotenus
528 2807 646 2874 veneni
669 2801 819 2875 indolem
837 2808 888 2876 in·

67 2901 165 2997 duat,
181 2908 351 3002 uariosque
366 2903 503 2976 morbos
516 2909 627 3002 pariat,
646 2897 785 3001 denique
803 2929 889 3004 quo-

66 3001 186 3077 modo
207 3000 304 3102 pollit
328 3001 508 3077 medicinae
532 3005 610 3077 loco
632 2999 772 3104 usurpari
796 3025 892 3105 etque

64 3100 224 3179 adhiberi
239 3143 289 3162 -
311 3129 385 3205 epte
398 3100 565 3205 solideque
575 3112 698 3195 omnia,
712 3123 744 3178 et
758 3111 892 3180 concin-

62 3210 159 3301 nius,
187 3233 225 3283 ac
240 3203 328 3310 apud
341 3203 617 3309 trunco-gallicos
630 3203 799 3315 scriptores
814 3229 891 3319 mo-

723 3348 735 3373 κ
851 3323 895 3372 118
