2200 3692
206 318 449 423 annotata
463 247 786 420 normanna
847 345 893 402 ιι

86 517 273 586 emittuntur
288 486 330 584 eo
344 528 507 611 tempore,
527 537 595 611 quo
612 506 736 612 capsula
752 511 898 613 operculi

87 609 303 686 detrufionern
320 632 409 711 parat
432 632 484 684 aut
500 611 635 711 perficit.
691 612 770 708 Cap.
787 615 898 686 VIII.
969 702 979 711 .

44 736 47 742 ·
89 714 333 805 Dastamiuibns
349 717 528 809 ancyrorum}
541 738 600 787 ceu
616 712 743 813 plantae
757 712 898 812 partibus

87 810 275 888 masculinis.
324 815 395 886 Nec
414 812 519 912 figura
535 840 597 887 nec
616 813 731 887 colore
747 811 828 887 adeo
843 838 897 886 va·
948 901 952 909 ι

88 919 186 1004 riant,'
195 941 233 987 ac
246 915 382 1013 aliarum
397 915 581 1013 plantarum
591 911 734 989 llamina.
783 915 910 1010 cylin..

1 1081 13 1123 a·
87 1016 181 1088 drutn
204 1034 367 1088 arcuatum
382 1013 527 1089 formant
551 1010 718 1089 obseruata
734 1021 770 1089 in
785 1010 900 1092 rosulis

79 1116 349 1211 ‚Polytricborunr
380 1135 412 1189 ct
444 1119 619 1214 Mniorum
646 1143 770 1192 crura.
802 1121 902 1191 acin
1039 1172 1043 1184 .

87 1219 262 1318 gemmulis
284 1216 461 1289 Fontinalic
486 1222 720 1314 antipyreticae
778 1219 901 1290 Forma

87 1321 280 1419 plerumque
295 1312 447 1417 globosa..
492 1321 642 1405 Numero
661 1319 752 1408 ollo,
776 1314 901 1391 dnode.

88 1426 154 1493 einr
170 1419 287 1518 plures.
343 1422 459 1516 Figura
471 1415 616 1510 cordata,
638 1419 736 1508 unali,
752 1418 811 1492 filo
832 1413 901 1491 suc·

62 1521 218 1595 ,culento
235 1517 441 1595 circumdato.
491 1519 617 1592 Colore
632 1517 731 1594 dilute
744 1516 834 1593 viridi
848 1537 908 1592 aut·
991 1546 994 1557 ·

88 1623 255 1696 albicante.
303 1619 478 1693 Filamenta
487 1620 679 1710 breuiffuna
690 1623 748 1695 alia
767 1616 902 1721 quidem

61 1738 64 1744 '
88 1724 156 1797 aliis
170 1721 340 1821 longiora,
365 1717 544 1795 succulenta
568 1743 600 1795 et
623 1726 901 1822 parenchymatica

57 1844 59 1853 “
87 1843 165 1897 ante
181 1822 367 1923 praellitutn
390 1824 592 1896 antherarurn
616 1822 776 1898 officium.
833 1827 903 1897 Ans

88 1927 202 1998 thetae
222 1923 392 2000 filarnenris
410 1921 556 1996 insudent.
606 1928 643 1996 ln
664 1925 777 2024 quibus
791 1922 904 1996 delite-

88 2024 181 2099 scens
199 2020 410 2124 granulosurn
432 2050 515 2123 opus
533 2031 585 2096 vix
610 2050 681 2098 non
706 2051 764 2124 per
784 2048 903 2096 omnes

89 2122 212 2228 species
228 2147 424 2223 transparerc
446 2151 511 2223 ope
528 2123 746 2225 microlcopii·
756 2120 905 2198 obserua-

87 2247 152 2302 tor.
204 2231 240 2297 ln
258 2225 436 2319 cylindricia
452 2245 483 2298 et
498 2225 747 2300 cordilormibur
763 2230 904 2299 antheris

90 2324 297 2428 superficiem
335 2330 546 2418 acuminatam
585 2326 730 2426 occupat¹
752 2327 904 2427 particula

90 2431 267 2530 pellucens,
289 2431 342 2500 bic
366 2429 519 2500 otrrnibns
541 2428 653 2526 pollen
669 2427 836 2503 emittendi
854 2427 903 2498 lo·

91 2557 148 2605 cut
162 2529 218 2603 est.
270 2531 429 2601 Antherae
445 2529 570 2627 polline
589 2530 693 2602 aiecio
711 2524 907 2602 marcescunt

90 2659 172 2705 cum
185 2629 368 2717 filameutis‚
378 2625 542 2701 obscurius
551 2630 722 2717 coloratae,
737 2630 828 2703 breui
840 2625 906 2702 lae·

0 2719 1 2744 l
89 2738 168 2832 pina
194 2723 414 2821 euanescentcs
446 2735 570 2802 hiatum
601 2729 829 2830 relinquendo.
861 2765 905 2780 -

90 2828 294 2931 Corpuscula
310 2833 440 2905 inMnii
449 2826 775 2930 pellucidlScyphulis
787 2827 907 2932 aliquid

92 2931 136 3005 nd
156 2926 346 3004 consobolis
361 2930 642 3005 conseruationem
663 2926 810 3005 videntur
825 2959 910 3011 con·‚

92 3031 190 3110 ferre.
242 3032 321 3125 Cup.
340 3032 405 3106 [Χ.
424 3036 480 3105 Da
492 3034 612 3127 cistulis
624 3033 816 3129 muscarum·
832 3035 908 3104 Par·
1036 3052 1039 3058 ·

92 3153 144 3208 tea
157 3137 222 3206 hae
245 3132 417 3208 muliebres
439 3128 601 3233 lligt'nate,
628 3132 712 3227 llylo
737 3153 770 3205 er
792 3135 910 3205 ouarin

91 3234 282 3405 constanter
304 3258 407 3335 aeque
428 3239 464 3324 in
482 3229 618 3324 muscia,
645 3258 684 3306 ac
699 3231 766 3305 aliis
784 3230 924 3423 Ρόὶῖιέιῐὶῗ
