<?xml version="1.0" encoding="UTF-8"?>
<!DOCTYPE html PUBLIC "-//W3C//DTD XHTML 1.0 Transitional//EN"
    "http://www.w3.org/TR/xhtml1/DTD/xhtml1-transitional.dtd">
<html xmlns="http://www.w3.org/1999/xhtml" xml:lang="en" lang="en">
 <head>
  <title>
</title>
<meta http-equiv="Content-Type" content="text/html;charset=utf-8" />
  <meta name='ocr-system' content='tesseract 3.04.00' />
  <meta name='ocr-capabilities' content='ocr_page ocr_carea ocr_par ocr_line ocrx_word'/>
</head>
<body>
  <div class='ocr_page' id='page_1' title='image "annalesliterari00unkngoog_0227.png"; bbox 0 0 2200 3692; ppageno 0'>
   <div class='ocr_carea' id='block_1_1' title="bbox 222 255 869 395">
    <p class='ocr_par' dir='ltr' id='par_1_1' title="bbox 222 255 869 395">
     <span class='ocr_line' id='line_1_1' title="bbox 222 255 869 395; baseline -0.012 -10"><span class='ocrx_word' id='word_1_1' title='bbox 222 309 294 395; x_wconf 82' lang='lat'><em>180&#39;</em></span> <span class='ocrx_word' id='word_1_2' title='bbox 400 317 427 344; x_wconf 42' lang='lat' dir='ltr'>a</span> <span class='ocrx_word' id='word_1_3' title='bbox 451 304 505 378; x_wconf 90' lang='lat'>11.</span> <span class='ocrx_word' id='word_1_4' title='bbox 530 295 688 377; x_wconf 74' lang='lat' dir='ltr'>mttrn</span> <span class='ocrx_word' id='word_1_5' title='bbox 703 327 802 381; x_wconf 93' lang='grc' dir='ltr'>ηοω</span> <span class='ocrx_word' id='word_1_6' title='bbox 859 255 869 272; x_wconf 73' lang='grc'><em>’</em></span> 
     </span>
    </p>
   </div>
   <div class='ocr_carea' id='block_1_2' title="bbox 126 485 1035 3384">
    <p class='ocr_par' dir='ltr' id='par_1_2' title="bbox 126 485 1035 3384">
     <span class='ocr_line' id='line_1_2' title="bbox 217 485 1035 585; baseline -0.004 -17"><span class='ocrx_word' id='word_1_7' title='bbox 217 497 269 585; x_wconf 84' lang='lat' dir='ltr'>cl),</span> <span class='ocrx_word' id='word_1_8' title='bbox 286 487 454 567; x_wconf 65' lang='lat' dir='ltr'>occasione</span> <span class='ocrx_word' id='word_1_9' title='bbox 469 489 609 565; x_wconf 83' lang='lat' dir='ltr'>Medeae</span> <span class='ocrx_word' id='word_1_10' title='bbox 625 485 816 580; x_wconf 78' lang='lat' dir='ltr'>Ouidianae,</span> <span class='ocrx_word' id='word_1_11' title='bbox 833 515 1035 567; x_wconf 86' lang='lat' dir='ltr'>memorare·</span> 
     </span>
     <span class='ocr_line' id='line_1_3' title="bbox 216 591 1035 669; baseline -0.004 0"><span class='ocrx_word' id='word_1_12' title='bbox 216 615 278 669; x_wconf 86' lang='lat' dir='ltr'>tur.</span> <span class='ocrx_word' id='word_1_13' title='bbox 288 628 330 645; x_wconf 89' lang='lat'>-</span> <span class='ocrx_word' id='word_1_14' title='bbox 356 591 489 666; x_wconf 78' lang='lat' dir='ltr'>Aemilii</span> <span class='ocrx_word' id='word_1_15' title='bbox 504 596 610 664; x_wconf 83' lang='lat' dir='ltr'>Macri</span> <span class='ocrx_word' id='word_1_16' title='bbox 626 592 666 663; x_wconf 91' lang='lat' dir='ltr'>de</span> <span class='ocrx_word' id='word_1_17' title='bbox 686 596 845 665; x_wconf 78' lang='lat' dir='ltr'>virtutibus</span> <span class='ocrx_word' id='word_1_18' title='bbox 860 595 1035 667; x_wconf 84' lang='lat' dir='ltr'>herbarum</span> 
     </span>
     <span class='ocr_line' id='line_1_4' title="bbox 218 691 1033 792; baseline -0.012 -22"><span class='ocrx_word' id='word_1_19' title='bbox 218 693 430 781; x_wconf 68' lang='lat' dir='ltr'>editionibus,</span> <span class='ocrx_word' id='word_1_20' title='bbox 460 718 544 792; x_wconf 85' lang='lat' dir='ltr'>quae</span> <span class='ocrx_word' id='word_1_21' title='bbox 558 717 589 791; x_wconf 89' lang='lat' dir='ltr'>p.</span> <span class='ocrx_word' id='word_1_22' title='bbox 605 718 666 776; x_wconf 83' lang='lat'><em>350.</em></span> <span class='ocrx_word' id='word_1_23' title='bbox 682 691 904 782; x_wconf 76' lang='lat' dir='ltr'>recensentur,</span> <span class='ocrx_word' id='word_1_24' title='bbox 933 693 1033 769; x_wconf 83' lang='lat' dir='ltr'>nesci.</span> 
     </span>
     <span class='ocr_line' id='line_1_5' title="bbox 187 790 1033 893; baseline 0.008 -33"><span class='ocrx_word' id='word_1_25' title='bbox 187 855 191 860; x_wconf 83' lang='lat'><strong>.</strong></span> <span class='ocrx_word' id='word_1_26' title='bbox 218 823 312 883; x_wconf 76' lang='lat' dir='ltr'>niue,</span> <span class='ocrx_word' id='word_1_27' title='bbox 343 820 384 866; x_wconf 88' lang='lat' dir='ltr'>an</span> <span class='ocrx_word' id='word_1_28' title='bbox 407 790 481 865; x_wconf 81' lang='lat' dir='ltr'>addi</span> <span class='ocrx_word' id='word_1_29' title='bbox 505 815 682 880; x_wconf 85' lang='lat' dir='ltr'>mereatur,</span> <span class='ocrx_word' id='word_1_30' title='bbox 721 819 803 893; x_wconf 86' lang='lat' dir='ltr'>quae</span> <span class='ocrx_word' id='word_1_31' title='bbox 829 794 869 863; x_wconf 92' lang='lat' dir='ltr'>ab</span> <span class='ocrx_word' id='word_1_32' title='bbox 896 821 1033 867; x_wconf 65' lang='lat' dir='ltr'>anun.</span> 
     </span>
     <span class='ocr_line' id='line_1_6' title="bbox 217 891 1032 994; baseline -0.002 -25"><span class='ocrx_word' id='word_1_33' title='bbox 217 905 462 969; x_wconf 70' lang='lat' dir='ltr'>sunzovto</span> <span class='ocrx_word' id='word_1_34' title='bbox 488 891 612 993; x_wconf 81' lang='lat' dir='ltr'>Lipsiae</span> <span class='ocrx_word' id='word_1_35' title='bbox 638 920 714 974; x_wconf 81' lang='lat'>1590.</span> <span class='ocrx_word' id='word_1_36' title='bbox 747 895 872 993; x_wconf 84' lang='lat' dir='ltr'>vulgata</span> <span class='ocrx_word' id='word_1_37' title='bbox 898 894 1032 994; x_wconf 87' lang='lat' dir='ltr'>prodiit,</span> 
     </span>
     <span class='ocr_line' id='line_1_7' title="bbox 216 992 1034 1093; baseline -0.004 -22"><span class='ocrx_word' id='word_1_38' title='bbox 216 1012 248 1071; x_wconf 80' lang='lat' dir='ltr'>et</span> <span class='ocrx_word' id='word_1_39' title='bbox 265 994 303 1067; x_wconf 90' lang='lat' dir='ltr'>ad</span> <span class='ocrx_word' id='word_1_40' title='bbox 315 1021 427 1066; x_wconf 80' lang='lat' dir='ltr'>tuanut</span> <span class='ocrx_word' id='word_1_41' title='bbox 444 992 497 1067; x_wconf 81' lang='lat' dir='ltr'>eil.</span> <span class='ocrx_word' id='word_1_42' title='bbox 533 992 693 1093; x_wconf 86' lang='lat' dir='ltr'>Equidem</span> <span class='ocrx_word' id='word_1_43' title='bbox 710 997 803 1066; x_wconf 89' lang='lat' dir='ltr'>huius</span> <span class='ocrx_word' id='word_1_44' title='bbox 818 996 925 1067; x_wconf 89' lang='lat' dir='ltr'>titulus</span> <span class='ocrx_word' id='word_1_45' title='bbox 943 997 1034 1069; x_wconf 89' lang='lat' dir='ltr'>idem</span> 
     </span>
     <span class='ocr_line' id='line_1_8' title="bbox 126 1096 1030 1198; baseline 0.003 -32"><span class='ocrx_word' id='word_1_46' title='bbox 126 1109 131 1120; x_wconf 74' lang='grc'><em>“</em></span> <span class='ocrx_word' id='word_1_47' title='bbox 217 1096 272 1184; x_wconf 76' lang='lat' dir='ltr'>eii,</span> <span class='ocrx_word' id='word_1_48' title='bbox 288 1099 577 1198; x_wconf 83' lang='lat' dir='ltr'>quiRan&#39;zouianae</span> <span class='ocrx_word' id='word_1_49' title='bbox 592 1096 741 1166; x_wconf 77' lang='lat' dir='ltr'>editionis</span> <span class='ocrx_word' id='word_1_50' title='bbox 762 1121 780 1166; x_wconf 86' lang='lat' dir='ltr'>a</span> <span class='ocrx_word' id='word_1_51' title='bbox 805 1121 1030 1169; x_wconf 74' lang='lat' dir='ltr'>rnuructo</span> 
     </span>
     <span class='ocr_line' id='line_1_9' title="bbox 215 1200 1030 1297; baseline -0.007 -22"><span class='ocrx_word' id='word_1_52' title='bbox 215 1213 426 1282; x_wconf 76' lang='lat' dir='ltr'>memoratae,</span> <span class='ocrx_word' id='word_1_53' title='bbox 439 1221 520 1294; x_wconf 83' lang='lat' dir='ltr'>quae</span> <span class='ocrx_word' id='word_1_54' title='bbox 536 1215 656 1281; x_wconf 87' lang='lat' dir='ltr'>tamen,</span> <span class='ocrx_word' id='word_1_55' title='bbox 675 1200 831 1290; x_wconf 88' lang='lat' dir='ltr'>quoniam</span> <span class='ocrx_word' id='word_1_56' title='bbox 842 1200 1030 1297; x_wconf 82' lang='lat' dir='ltr'>Hatnburgi</span> 
     </span>
     <span class='ocr_line' id='line_1_10' title="bbox 216 1291 1028 1395; baseline -0.002 -23"><span class='ocrx_word' id='word_1_57' title='bbox 216 1303 293 1384; x_wconf 67' lang='lat'>1⁴59&amp;</span> <span class='ocrx_word' id='word_1_58' title='bbox 311 1291 458 1395; x_wconf 76' lang='lat' dir='ltr'>impress&#39;a</span> <span class='ocrx_word' id='word_1_59' title='bbox 480 1294 603 1383; x_wconf 85' lang='lat' dir='ltr'>dicitur,</span> <span class='ocrx_word' id='word_1_60' title='bbox 627 1292 769 1367; x_wconf 78' lang='lat' dir='ltr'>conserti</span> <span class='ocrx_word' id='word_1_61' title='bbox 783 1321 858 1367; x_wconf 91' lang='lat' dir='ltr'>cum</span> <span class='ocrx_word' id='word_1_62' title='bbox 873 1299 982 1385; x_wconf 83' lang='lat' dir='ltr'>altera,</span> <span class='ocrx_word' id='word_1_63' title='bbox 1001 1296 1028 1370; x_wconf 84' lang='lat' dir='ltr'>fi</span> 
     </span>
     <span class='ocr_line' id='line_1_11' title="bbox 214 1391 1028 1484; baseline -0.01 -7"><span class='ocrx_word' id='word_1_64' title='bbox 214 1395 299 1478; x_wconf 82' lang='lat' dir='ltr'>forte</span> <span class='ocrx_word' id='word_1_65' title='bbox 311 1399 402 1471; x_wconf 88' lang='lat' dir='ltr'>rebus</span> <span class='ocrx_word' id='word_1_66' title='bbox 414 1396 579 1469; x_wconf 83' lang='lat' dir='ltr'>nonnullis</span> <span class='ocrx_word' id='word_1_67' title='bbox 596 1391 730 1484; x_wconf 84' lang='lat' dir='ltr'>differat,</span> <span class='ocrx_word' id='word_1_68' title='bbox 741 1419 888 1470; x_wconf 85' lang='lat' dir='ltr'>meretur.</span> <span class='ocrx_word' id='word_1_69' title='bbox 898 1434 940 1449; x_wconf 90' lang='lat'>-</span> <span class='ocrx_word' id='word_1_70' title='bbox 950 1393 1028 1469; x_wconf 86' lang='lat' dir='ltr'>Pos-</span> 
     </span>
     <span class='ocr_line' id='line_1_12' title="bbox 213 1493 1029 1596; baseline -0.006 -21"><span class='ocrx_word' id='word_1_71' title='bbox 213 1501 283 1577; x_wconf 84' lang='lat' dir='ltr'>fent</span> <span class='ocrx_word' id='word_1_72' title='bbox 297 1493 435 1586; x_wconf 83' lang='lat' dir='ltr'>fortalse,</span> <span class='ocrx_word' id='word_1_73' title='bbox 449 1495 473 1568; x_wconf 83' lang='lat' dir='ltr'>st</span> <span class='ocrx_word' id='word_1_74' title='bbox 488 1501 557 1596; x_wconf 89' lang='lat' dir='ltr'>quis</span> <span class='ocrx_word' id='word_1_75' title='bbox 566 1500 633 1569; x_wconf 89' lang='lat' dir='ltr'>hoc</span> <span class='ocrx_word' id='word_1_76' title='bbox 644 1520 738 1594; x_wconf 86' lang='lat' dir='ltr'>agere</span> <span class='ocrx_word' id='word_1_77' title='bbox 750 1496 903 1570; x_wconf 73' lang='lat' dir='ltr'>curiosius</span> <span class='ocrx_word' id='word_1_78' title='bbox 919 1498 1029 1588; x_wconf 87' lang='lat' dir='ltr'>vellet,-</span> 
     </span>
     <span class='ocr_line' id='line_1_13' title="bbox 214 1592 1027 1697; baseline -0.005 -22"><span class='ocrx_word' id='word_1_79' title='bbox 214 1594 380 1678; x_wconf 80' lang='lat' dir='ltr'>obseruata</span> <span class='ocrx_word' id='word_1_80' title='bbox 394 1592 548 1670; x_wconf 81' lang='lat' dir='ltr'>etasserta</span> <span class='ocrx_word' id='word_1_81' title='bbox 571 1597 615 1670; x_wconf 78' lang='grc' dir='ltr'><strong>ΙΙΙ.</strong></span> <span class='ocrx_word' id='word_1_82' title='bbox 639 1620 857 1669; x_wconf 71' lang='lat' dir='ltr'>nunctum</span> <span class='ocrx_word' id='word_1_83' title='bbox 881 1599 1027 1697; x_wconf 79' lang='lat' dir='ltr'>pluribus</span> 
     </span>
     <span class='ocr_line' id='line_1_14' title="bbox 211 1697 1021 1797; baseline -0.006 -19"><span class='ocrx_word' id='word_1_84' title='bbox 211 1701 293 1790; x_wconf 74' lang='lat' dir='ltr'>ljocis</span> <span class='ocrx_word' id='word_1_85' title='bbox 307 1699 355 1773; x_wconf 80' lang='lat' dir='ltr'>vel</span> <span class='ocrx_word' id='word_1_86' title='bbox 374 1704 510 1797; x_wconf 83' lang='lat' dir='ltr'>corrigi,</span> <span class='ocrx_word' id='word_1_87' title='bbox 537 1698 586 1771; x_wconf 81' lang='lat' dir='ltr'>tel</span> <span class='ocrx_word' id='word_1_88' title='bbox 603 1697 805 1795; x_wconf 86' lang='lat' dir='ltr'>locupletari,</span> <span class='ocrx_word' id='word_1_89' title='bbox 829 1719 863 1769; x_wconf 91' lang='lat' dir='ltr'>vt</span> <span class='ocrx_word' id='word_1_90' title='bbox 880 1698 926 1771; x_wconf 85' lang='lat' dir='ltr'>eii</span> <span class='ocrx_word' id='word_1_91' title='bbox 943 1706 1021 1773; x_wconf 80' lang='lat' dir='ltr'>eius·</span> 
     </span>
     <span class='ocr_line' id='line_1_15' title="bbox 212 1797 1024 1898; baseline -0.004 -22"><span class='ocrx_word' id='word_1_92' title='bbox 212 1801 307 1883; x_wconf 87' lang='lat' dir='ltr'>modi</span> <span class='ocrx_word' id='word_1_93' title='bbox 326 1800 405 1873; x_wconf 84' lang='lat' dir='ltr'>liber</span> <span class='ocrx_word' id='word_1_94' title='bbox 423 1799 634 1898; x_wconf 79' lang='lat' dir='ltr'>plurimarum</span> <span class='ocrx_word' id='word_1_95' title='bbox 650 1797 968 1898; x_wconf 74' lang='lat' dir='ltr'>animaduersionum</span> <span class='ocrx_word' id='word_1_96' title='bbox 992 1818 1024 1873; x_wconf 90' lang='lat' dir='ltr'>et</span> 
     </span>
     <span class='ocr_line' id='line_1_16' title="bbox 212 1901 1023 1998; baseline 0 -22"><span class='ocrx_word' id='word_1_97' title='bbox 212 1901 479 1982; x_wconf 72' lang='lat' dir='ltr'>emendationum</span> <span class='ocrx_word' id='word_1_98' title='bbox 509 1905 625 1997; x_wconf 56' lang='lat' dir='ltr'>capam</span> <span class='ocrx_word' id='word_1_99' title='bbox 673 1922 881 1998; x_wconf 85' lang='lat' dir='ltr'>quaecunque</span> <span class='ocrx_word' id='word_1_100' title='bbox 911 1920 1023 1976; x_wconf 84' lang='lat' dir='ltr'>tamen</span> 
     </span>
     <span class='ocr_line' id='line_1_17' title="bbox 210 1977 1022 2086; baseline -0.009 -5"><span class='ocrx_word' id='word_1_101' title='bbox 210 2027 310 2082; x_wconf 74' lang='lat' dir='ltr'>errata</span> <span class='ocrx_word' id='word_1_102' title='bbox 335 1977 419 2082; x_wconf 58' lang='lat' dir='ltr'>litte</span> <span class='ocrx_word' id='word_1_103' title='bbox 444 2004 667 2086; x_wconf 85' lang='lat' dir='ltr'>inueniautur,</span> <span class='ocrx_word' id='word_1_104' title='bbox 706 1997 798 2071; x_wconf 83' lang='lat' dir='ltr'>sacile</span> <span class='ocrx_word' id='word_1_105' title='bbox 821 2025 858 2070; x_wconf 87' lang='lat' dir='ltr'>ea</span> <span class='ocrx_word' id='word_1_106' title='bbox 878 2019 931 2072; x_wconf 90' lang='lat' dir='ltr'>tot</span> <span class='ocrx_word' id='word_1_107' title='bbox 954 2002 1022 2075; x_wconf 81' lang='lat' dir='ltr'>aliie</span> 
     </span>
     <span class='ocr_line' id='line_1_18' title="bbox 195 2091 1021 2208; baseline -0.006 -29"><span class='ocrx_word' id='word_1_108' title='bbox 195 2101 345 2208; x_wconf 42' lang='lat' dir='ltr'>,egregiis</span> <span class='ocrx_word' id='word_1_109' title='bbox 369 2122 399 2173; x_wconf 89' lang='lat' dir='ltr'>et</span> <span class='ocrx_word' id='word_1_110' title='bbox 414 2103 566 2171; x_wconf 81' lang='lat' dir='ltr'>accuratis</span> <span class='ocrx_word' id='word_1_111' title='bbox 589 2091 863 2172; x_wconf 83' lang='lat' dir='ltr'>obseruationibus</span> <span class='ocrx_word' id='word_1_112' title='bbox 882 2097 1021 2199; x_wconf 84' lang='lat' dir='ltr'>pensan-</span> 
     </span>
     <span class='ocr_line' id='line_1_19' title="bbox 208 2201 1021 2304; baseline 0 -27"><span class='ocrx_word' id='word_1_113' title='bbox 208 2227 269 2297; x_wconf 85' lang='lat' dir='ltr'>tur,</span> <span class='ocrx_word' id='word_1_114' title='bbox 296 2202 411 2304; x_wconf 90' lang='lat' dir='ltr'>quibus</span> <span class='ocrx_word' id='word_1_115' title='bbox 425 2204 574 2272; x_wconf 75' lang='lat' dir='ltr'>notitiam</span> <span class='ocrx_word' id='word_1_116' title='bbox 591 2201 761 2272; x_wconf 70' lang='lat' dir='ltr'>auiloruui</span> <span class='ocrx_word' id='word_1_117' title='bbox 777 2204 967 2276; x_wconf 65' lang='lat' dir='ltr'>Latinorum</span> <span class='ocrx_word' id='word_1_118' title='bbox 989 2222 1021 2276; x_wconf 85' lang='lat' dir='ltr'>et</span> 
     </span>
     <span class='ocr_line' id='line_1_20' title="bbox 143 2296 1018 2400; baseline -0.009 -17"><span class='ocrx_word' id='word_1_119' title='bbox 143 2341 146 2346; x_wconf 17' lang='grc' dir='ltr'>λ</span> <span class='ocrx_word' id='word_1_120' title='bbox 205 2299 383 2383; x_wconf 80' lang='lat' dir='ltr'>literaturae</span> <span class='ocrx_word' id='word_1_121' title='bbox 399 2304 569 2400; x_wconf 81' lang='lat' dir='ltr'>Romanae</span> <span class='ocrx_word' id='word_1_122' title='bbox 590 2296 750 2371; x_wconf 88' lang='lat' dir='ltr'>scientiam</span> <span class='ocrx_word' id='word_1_123' title='bbox 768 2307 867 2389; x_wconf 73' lang='lat' dir='ltr'>auxi,</span> <span class='ocrx_word' id='word_1_124' title='bbox 893 2322 937 2387; x_wconf 86' lang='lat' dir='ltr'>vt,</span> <span class='ocrx_word' id='word_1_125' title='bbox 963 2309 1018 2399; x_wconf 87' lang='lat' dir='ltr'>qui</span> 
     </span>
     <span class='ocr_line' id='line_1_21' title="bbox 208 2399 1019 2500; baseline -0.007 -17"><span class='ocrx_word' id='word_1_126' title='bbox 208 2419 282 2484; x_wconf 73' lang='lat' dir='ltr'>eam</span> <span class='ocrx_word' id='word_1_127' title='bbox 297 2399 567 2479; x_wconf 69' lang='lat' dir='ltr'>instrttttiffimam</span> <span class='ocrx_word' id='word_1_128' title='bbox 583 2402 702 2472; x_wconf 83' lang='lat' dir='ltr'>habere</span> <span class='ocrx_word' id='word_1_129' title='bbox 718 2408 866 2500; x_wconf 85' lang='lat' dir='ltr'>cupiant,</span> <span class='ocrx_word' id='word_1_130' title='bbox 892 2424 1019 2500; x_wconf 78' lang='lat' dir='ltr'>praeter</span> 
     </span>
     <span class='ocr_line' id='line_1_22' title="bbox 205 2499 1017 2599; baseline -0.01 -14"><span class='ocrx_word' id='word_1_131' title='bbox 205 2507 436 2585; x_wconf 81' lang='lat' dir='ltr'>Bibliothecem</span> <span class='ocrx_word' id='word_1_132' title='bbox 453 2503 519 2573; x_wconf 89' lang='lat' dir='ltr'>Lat.</span> <span class='ocrx_word' id='word_1_133' title='bbox 528 2499 646 2574; x_wconf 84' lang='lat' dir='ltr'>Fabtic.</span> <span class='ocrx_word' id='word_1_134' title='bbox 660 2502 746 2572; x_wconf 87' lang='lat' dir='ltr'>hunc</span> <span class='ocrx_word' id='word_1_135' title='bbox 760 2507 794 2573; x_wconf 91' lang='lat' dir='ltr'>in</span> <span class='ocrx_word' id='word_1_136' title='bbox 809 2507 922 2599; x_wconf 79' lang='lat' dir='ltr'>primis</span> <span class='ocrx_word' id='word_1_137' title='bbox 937 2529 1017 2590; x_wconf 73' lang='lat' dir='ltr'>eon·</span> 
     </span>
     <span class='ocr_line' id='line_1_23' title="bbox 204 2598 1015 2701; baseline -0.007 -21"><span class='ocrx_word' id='word_1_138' title='bbox 204 2603 307 2688; x_wconf 83' lang='lat' dir='ltr'>sulere</span> <span class='ocrx_word' id='word_1_139' title='bbox 321 2598 592 2680; x_wconf 76' lang='lat' dir='ltr'>librum‘debeant</span> <span class='ocrx_word' id='word_1_140' title='bbox 639 2605 745 2700; x_wconf 74' lang='lat' dir='ltr'>litque</span> <span class='ocrx_word' id='word_1_141' title='bbox 758 2604 808 2673; x_wconf 80' lang='lat' dir='ltr'>hit</span> <span class='ocrx_word' id='word_1_142' title='bbox 824 2600 899 2701; x_wconf 83' lang='lat' dir='ltr'>ipfis</span> <span class='ocrx_word' id='word_1_143' title='bbox 913 2611 1015 2694; x_wconf 60' lang='lat' dir='ltr'>ennig</span> 
     </span>
     <span class='ocr_line' id='line_1_24' title="bbox 205 2699 1018 2811; baseline -0.004 -30"><span class='ocrx_word' id='word_1_144' title='bbox 205 2708 379 2811; x_wconf 82' lang='lat' dir='ltr'>poliqunm</span> <span class='ocrx_word' id='word_1_145' title='bbox 399 2699 569 2775; x_wconf 83' lang='lat' dir='ltr'>nouilltma</span> <span class='ocrx_word' id='word_1_146' title='bbox 587 2702 799 2773; x_wconf 83' lang='lat' dir='ltr'>Bibliothecae</span> <span class='ocrx_word' id='word_1_147' title='bbox 813 2705 1018 2778; x_wconf 81' lang='lat' dir='ltr'>Fabriciaoae</span> 
     </span>
     <span class='ocr_line' id='line_1_25' title="bbox 204 2800 1016 2904; baseline -0.005 -21"><span class='ocrx_word' id='word_1_148' title='bbox 204 2805 305 2890; x_wconf 82' lang='lat' dir='ltr'>editio</span> <span class='ocrx_word' id='word_1_149' title='bbox 325 2801 462 2904; x_wconf 86' lang='lat' dir='ltr'>prodiit,</span> <span class='ocrx_word' id='word_1_150' title='bbox 511 2801 628 2874; x_wconf 90' lang='lat' dir='ltr'>lurium</span> <span class='ocrx_word' id='word_1_151' title='bbox 644 2800 844 2902; x_wconf 87' lang='lat' dir='ltr'>eruditorum</span> <span class='ocrx_word' id='word_1_152' title='bbox 858 2827 934 2876; x_wconf 76' lang='lat' dir='ltr'>cure</span> <span class='ocrx_word' id='word_1_153' title='bbox 948 2827 1016 2879; x_wconf 87' lang='lat' dir='ltr'>me-</span> 
     </span>
     <span class='ocr_line' id='line_1_26' title="bbox 203 2827 1013 2995; baseline -0.004 -11"><span class='ocrx_word' id='word_1_154' title='bbox 203 2903 375 2986; x_wconf 75' lang='lat' dir='ltr'>rllorabiles</span> <span class='ocrx_word' id='word_1_155' title='bbox 389 2827 579 2975; x_wconf 72' lang='lat' dir='ltr'>acceilsones</span> <span class='ocrx_word' id='word_1_156' title='bbox 594 2899 634 2974; x_wconf 79' lang='lat' dir='ltr'>ad</span> <span class='ocrx_word' id='word_1_157' title='bbox 648 2901 815 2977; x_wconf 81' lang='lat' dir='ltr'>hislotiam</span> <span class='ocrx_word' id='word_1_158' title='bbox 830 2905 1013 2995; x_wconf 72' lang='lat' dir='ltr'>nudorum,</span> 
     </span>
     <span class='ocr_line' id='line_1_27' title="bbox 226 2997 1011 3102; baseline -0.005 -21"><span class='ocrx_word' id='word_1_159' title='bbox 226 3009 258 3083; x_wconf 84' lang='lat' dir='ltr'>ui</span> <span class='ocrx_word' id='word_1_160' title='bbox 282 3011 348 3102; x_wconf 85' lang='lat' dir='ltr'>huc</span> <span class='ocrx_word' id='word_1_161' title='bbox 362 3003 533 3076; x_wconf 79' lang='lat' dir='ltr'>volumine</span> <span class='ocrx_word' id='word_1_162' title='bbox 554 2997 775 3091; x_wconf 86' lang='lat' dir='ltr'>recensentur,</span> <span class='ocrx_word' id='word_1_163' title='bbox 807 3000 910 3077; x_wconf 69' lang='lat' dir='ltr'>sactae</span> <span class='ocrx_word' id='word_1_164' title='bbox 930 3002 1011 3097; x_wconf 88' lang='lat' dir='ltr'>suot,</span> 
     </span>
     <span class='ocr_line' id='line_1_28' title="bbox 200 3005 1011 3212; baseline -0.017 -28"><span class='ocrx_word' id='word_1_165' title='bbox 200 3005 278 3212; x_wconf 60' lang='lat' dir='ltr'>sues</span> <span class='ocrx_word' id='word_1_166' title='bbox 295 3108 333 3181; x_wconf 87' lang='lat' dir='ltr'>ab</span> <span class='ocrx_word' id='word_1_167' title='bbox 359 3102 588 3176; x_wconf 78' lang='lat' dir='ltr'>rtutcneto</span> <span class='ocrx_word' id='word_1_168' title='bbox 614 3101 673 3174; x_wconf 90' lang='lat' dir='ltr'>suo</span> <span class='ocrx_word' id='word_1_169' title='bbox 697 3103 775 3176; x_wconf 90' lang='lat' dir='ltr'>loco</span> <span class='ocrx_word' id='word_1_170' title='bbox 791 3103 948 3203; x_wconf 81' lang='lat' dir='ltr'>expofitea</span> <span class='ocrx_word' id='word_1_171' title='bbox 964 3112 1011 3180; x_wconf 92' lang='lat' dir='ltr'>iu.</span> 
     </span>
     <span class='ocr_line' id='line_1_29' title="bbox 198 3200 1015 3304; baseline -0.002 -20"><span class='ocrx_word' id='word_1_172' title='bbox 198 3201 524 3304; x_wconf 72' lang='lat' dir='ltr'>cundumeiilegere.</span> <span class='ocrx_word' id='word_1_173' title='bbox 573 3200 1015 3286; x_wconf 69' lang='lat' dir='ltr'>Reserim&#39;ue&#39;hu‘ccommeo·⁴</span> 
     </span>
     <span class='ocr_line' id='line_1_30' title="bbox 366 3312 1009 3384; baseline -0.001 0.805"><span class='ocrx_word' id='word_1_174' title='bbox 366 3347 369 3353; x_wconf 17' lang='grc' dir='ltr'><strong>Α</strong></span> <span class='ocrx_word' id='word_1_175' title='bbox 526 3327 537 3344; x_wconf 91' lang='grc'><em>·</em></span> <span class='ocrx_word' id='word_1_176' title='bbox 915 3312 1009 3384; x_wconf 75' lang='lat' dir='ltr'>titio·</span> 
     </span>
    </p>
   </div>
   <div class='ocr_carea' id='block_1_3' title="bbox 0 0 1104 3692">
    <p class='ocr_par' dir='ltr' id='par_1_3' title="bbox 0 0 1104 3692">
     <span class='ocr_line' id='line_1_31' title="bbox 0 0 1104 3692; baseline 0 4"><span class='ocrx_word' id='word_1_177' title='bbox 0 0 1104 3692; x_wconf 95' lang='lat' dir='ltr'> </span> 
     </span>
    </p>
   </div>
  </div>
 </body>
</html>
