2200 3692
169 344 218 421 14
385 322 441 398 11.
467 323 629 397 neutris
648 328 747 401 muts.

162 507 357 586 inferiorem
371 529 497 683 {artem
520 510 637 614 ubique
660 518 743 587 inter
766 507 801 587 se
818 506 977 590 conueni-

162 630 233 699 unt,
249 609 358 713 quoad
385 619 587 687 ommitatem
600 638 681 686 vero
701 619 834 687 acutiori
850 616 900 689 uel
915 618 976 689 ob.

163 709 278 787 tufioti
293 720 391 812 apice,
407 711 475 787 fiue
494 713 630 801 clamato,
646 713 782 790 nodisue
795 722 977 817 intercepto
1050 784 1053 789 .

165 811 286 889 duabus
303 834 357 888 aut
378 815 476 890 tribus
494 815 668 915 sphaerulis
691 814 750 891 fibi
769 813 977 920 superimpo-

59 954 63 965 f
165 914 230 990 fitis
243 910 410 990 ineraffato
427 923 649 990 terminantur.
707 918 976 1017 Longitudineet

152 1021 337 1117 'quantitate
367 1024 489 1093 variant
521 1020 588 1090 'ro
623 1014 800 1116 specierum
839 1026 977 1113 ratione.

153 1123 248 1192 'Sunt
264 1108 386 1194 vascula
441 1045 565 1207 lucidi,
586 1124 758 1194 tenerrima
772 1122 908 1194 cuticula
921 1150 979 1196 ex.

163 1217 393 1321 ssrudialimpi
416 1216 555 1294 iffimum
569 1220 746 1294 humorem
761 1224 909 1295 vehentia
924 1230 978 1297 in·

164 1339 214 1393 tra
241 1316 357 1418 spatia,
398 1318 527 1420 septulis
557 1319 736 1396 transuerfis
766 1322 974 1401 interssinda.

164 1426 287 1498 Venire
312 1420 353 1494 de
386 1420 620 1495 membranofis
642 1422 975 1500 concamerationibus

163 1518 320 1613 videntur,
336 1541 370 1595 vt
385 1524 452 1595 vtiii
465 1525 600 1596 humori
619 1520 692 1596 alias
709 1531 805 1597 nimis
819 1530 884 1598 cito
899 1553 975 1600 eua-

72 1624 75 1629 ’
151 1623 304 1725 'potabili
319 1623 388 1724 pius
405 1649 518 1698 morae
534 1625 619 1697 necti
634 1622 739 1723 poffit,
760 1624 858 1700 sadis.
907 1629 976 1702 De.

163 1722 339 1799 senduntur
353 1727 420 1798 hoc
436 1731 524 1799 tenui
546 1730 688 1798 humore
703 1733 895 1800 tenerrimae
908 1726 975 1802 stu.

95 1864 97 1871 >
164 1824 367 1900 dtificationis
383 1845 488 1926 partes
503 1846 622 1899 ‘eontra
640 1831 775 1900 nimiam
791 1824 973 1902 exficcatio.

163 1953 253 2016 nem,
271 1924 460 2028 roridusque
475 1925 659 2000 ssatuecirca
676 1933 834 2031 utriusque
851 1955 974 2030 organa

155 2024 252 2126 'sexus
266 2035 404 2127 proprio
416 2025 513 2102 succo
533 2035 652 2128 magis,
678 2055 777 2129 quam
792 2030 869 2102 aliae
882 2032 975 2131 plan·

74 2190 79 2211 ,
164 2148 215 2201 tae
228 2135 381 2218 carentia,
403 2124 585 2202 conseruari
604 2129 735 2202 uidetur.
783 2131 878 2205 Vnde
893 2135 975 2206 haec

162 2229 218 2305 fila
244 2226 488 2304 foecundationi
510 2227 720 2332 prospiciunt.
787 2233 863 2325 Cap.
881 2233 973 2309 XII.

164 2332 224 2406 Dr
239 2335 529 2430 inuolurrr'sstomm
542 2337 758 2416 communibus,
764 2336 823 2431 seu
838 2335 875 2404 dr
886 2339 973 2429 peri.

163 2433 278 2507 thoceio
308 2433 476 2531 maestorum
497 2432 733 2534 flondosorum.
808 2433 973 2536 Qicquid

163 2529 354 2609 muscorum
376 2532 425 2606 vel
440 2532 648 2633 calyptratum
666 2532 884 2606 rudimentum
906 2532 973 2608 sru-
997 2561 1010 2599 ς

163 2634 242 2722 dtus,
261 2632 311 2707 vel
327 2626 464 2708 mascula
476 2640 508 2707 vi
524 2634 683 2734 praeditos
694 2632 854 2708 folliculos
870 2632 973 2709 forin-

163 2729 251 2809 secus
266 2741 317 2807 ein
342 2742 374 2824 it,
382 2738 449 2809 hoc
461 2744 598 2809 nomine
614 2742 709 2824 venit,
718 2761 823 2836 eoque
839 2735 972 2809 euiden.

164 2841 235 2924 tiuu,
254 2832 280 2907 sr
296 2759 383 2910 idem
398 2839 508 2911 habitu
526 2862 558 2910 et
569 2837 672 2938 figura
687 2836 726 2908 ab
742 2836 793 2909 iila
808 2834 971 2912 soliorum

165 2933 331 3038 drscrepet.
388 2943 419 3013 A
436 2938 558 3040 figura,
579 2935 826 3012 coordinatione
840 2957 872 3010 et
887 2937 973 3010 dire-

165 3039 279 3112 dione
304 3043 442 3138 partium
468 3042 659 3138 perichaetia
697 3043 972 3138 componentium

160 3137 284 3240 pendet
293 3158 418 3213 externa
427 3138 547 3235 florum
556 3137 711 3214 forma-in
727 3137 871 3214 masculis
879 3165 974 3240 prae.

163 3246 269 3345 cipue.
325 3240 498 3323 Diuerfitat
510 3244 590 3321 hine
612 3262 685 3321 nata
698 3238 875 3344 suppeditat
895 3267 973 3315 mo·

871 3366 970 3420 meu.
