2200 3692
189 279 264 359 138
409 270 464 342 11.
489 269 546 341 De
566 271 769 345 strenuis.
907 342 909 351 ,

184 433 332 529 mestuus
341 450 517 553 saepiifinie
528 454 610 527 insi-a
625 486 663 545 o,
684 454 859 558 etquidem
876 442 1000 542 40⁴-120

182 556 312 656 gradus,
337 555 499 652 deprimit.
555 557 680 629 Caloris
705 579 738 628 tt
759 556 887 656 frigoris
902 560 997 633 huius

182 653 405 729 nciffitudines
419 663 559 728 maxime
575 654 753 729 subitatione
767 658 856 748 sunt3
889 681 920 731 et
934 658 996 735 soli

182 753 310 831 menses
324 760 512 857 September
522 780 617 855 atque
634 761 780 832 october
796 767 906 832 ceteris
922 757 996 833 sunt

181 855 354 930 luauioree.
390 862 531 955 frigoris
546 869 734 956 praecipuae
751 856 871 932 caussae
882 858 992 933 viden·

181 978 234 1031 tur
248 954 405 1030 iiiimensa
419 957 487 1030 sere
503 966 696 1031 eontinentis
712 959 872 1050 extensio,
892 964 996 1062 isque*

180 1058 221 1131 ad
238 1060 352 1157 polum
375 1056 512 1145 diffide,
537 1082 571 1131 et
593 1064 679 1132 venti
702 1068 848 1133 continui
869 1061 936 1135 sere
957 1070 992 1136 et'

179 1164 395 1247 vehementes,
411 1165 571 1258 imprimis
589 1188 628 1233 ex
646 1161 902 1252 ooeidenialibus,
927 1164 991 1236 bo·

178 1263 380 1362 realiburqne
399 1263 584 1360 regionibus
608 1270 843 1362 prouenigutes.
859 1306 909 1321 -
932 1269 990 1339 Li-

179 1365 268 1436 bello
282 1365 387 1436 finem
402 1369 578 1460 imponunt
591 1384 743 1434 annotata
762 1372 798 1436 de
814 1370 929 1435 morbis
936 1367 988 1437 A·

178 1472 304 1537 nmen
308 1465 568 1558 septentrionalis.
634 1466 758 1536 incolas
775 1464 878 1537 multo
896 1465 987 1537 debi-

178 1566 276 1641 liores
291 1571 467 1661 Europaeis
488 1561 604 1637 iudicat
624 1567 753 1652 ausser,
777 1564 867 1666 quod
884 1572 986 1639 maxi.

112 1739 128 1763 ,
176 1691 252 1738 mee
277 1664 500 1764 tempestatum
531 1667 728 1738 mutabilitati
748 1669 882 1755 jtribuit3
925 1695 985 1741 eos

177 1793 308 1869 quoque
323 1773 430 1839 minus
443 1765 626 1839 foecundos
638 1763 710 1858 elle,
724 1766 919 1867 illorumque
933 1775 985 1841 in·

174 1868 276 1943 santes
292 1866 398 1940 multo
413 1867 573 1967 copiosius
586 1874 684 1955 niori,
705 1896 802 1966 quain
818 1874 850 1939 in
867 1870 983 1942 noslris

174 1977 274 2043 terris.
339 1972 463 2066 Negat,
489 1975 683 2040 Aturricanis
707 1968 853 2041 indolem
878 1976 983 2043 animi

174 2075 344 2169 propriam
388 2074 605 2169 omniumque
641 2096 856 2162 communem
906 2068 980 2162 esse,

174 2171 320 2269 illiusque
346 2168 566 2242 fortitudinem
608 2169 798 2270 singularem
825 2198 844 2243 e
878 2172 978 2263 bello,

175 2300 274 2375 quein
288 2278 324 2343 in
343 2268 493 2370 prillinos
513 2271 669 2343 dominos
688 2294 816 2371 gerant,
839 2267 910 2345 satis
925 2300 980 2373 ap·

174 2400 294 2473 parere
355 2378 439 2444 {nter
460 2374 595 2444 morbos
610 2370 695 2444 illius
720 2378 860 2472 regionis
885 2372 982 2446 refert

171 2473 368 2547 subitaneam
381 2492 523 2544 inorteni
541 2478 574 2544 in
591 2473 780 2545 calidissimis
793 2474 911 2563 diebus,
928 2481 980 2547 cui

172 2580 319 2675 inprimis
333 2571 472 2670 expoliti
486 2571 558 2644 sunt
573 2577 791 2647 vehementius
805 2581 981 2651 commoti.

170 2672 306 2751 Videtur
320 2675 505 2773 apoplexiae
516 2700 618 2773 genus
632 2671 704 2748 esse.
745 2679 783 2747 ln
795 2702 855 2747 vna
870 2702 981 2776 pugna

170 2775 221 2873 (d
235 2797 276 2853 ae
289 2781 356 2847 lun.
365 2776 458 2865 im)
474 2804 508 2859 59
523 2781 670 2874 protinus
686 2773 872 2849 decidebant
886 2802 979 2850 mor·

169 2884 233 2964 tui,
256 2877 372 2974 absque
388 2883 483 2948 omni
496 2877 645 2964 vulnere3
668 2873 807 2976 soloque
823 2877 931 2950 calore
946 2896 980 2950 et

169 2996 264 3052 motu
279 2977 392 3048 emili.
443 2975 607 3075 singulare
617 3003 749 3077 quoquc
762 2974 911 3078 graffatur
926 3003 981 3050 ex·

170 3079 358 3152 antlteinatis
390 3100 507 3172 genus;
545 3080 690 3168 (pricilin
723 3083 811 3151 -licot
840 3086 979 3172 vocant)

169 3184 248 3279 cutia
292 3177 423 3285 maculis
445 3170 606 3252 'rubellio¹
630 3105 731 3253 vstaldo
767 3179 995 3280 prurientibus

519 3278 525 3303 ¹
843 3285 984 3379 tegitur3
